2866 4710
753 230 795 296 48

273 407 361 476 cuius
390 405 640 498 propositionem
675 405 829 475 minorem
863 414 991 498 apparet
1021 405 1130 499 utique
1167 405 1274 476 salsam

274 544 359 592 esse:
382 545 452 591 narn
477 521 671 615 singulorum
694 522 920 615 prophetarum
944 521 1175 592 successionem
1199 544 1274 590 con·
1301 542 1304 547 ’

273 639 390 708 tinuam
419 638 537 709 facilius
573 638 749 708 redundare
779 661 817 709 ex
846 638 1049 709 societatibus
1085 637 1273 708 continuatis

274 780 366 847 quam
391 779 430 824 ex
453 778 517 824 non
548 755 735 826 continuatis
759 754 1028 848 comprobandum
1053 764 1145 836 esset,
1175 757 1201 824 si
1224 777 1274 822 re·

273 895 346 943 sera
371 872 588 944 tantummodo
623 873 685 941 boc
713 873 857 943 dilemma
881 880 1034 951 exstaret3
1070 893 1178 940 verum
1208 881 1274 942 arte

275 989 400 1059 demum
430 990 463 1058 id
493 990 670 1058 conlectum
694 997 758 1065 est:
793 1013 863 1059 nam
893 991 958 1058 sive
984 987 1273 1078 atrupaimamer-

273 1116 351 1197 gunt
378 1107 548 1199 prophetae
579 1105 642 1176 sive
670 1105 822 1196 propheta
846 1105 961 1197 excipit
984 1104 1180 1198 prophetam,
1209 1128 1273 1174 uon
1334 1190 1336 1195 Ι

275 1223 504 1313 haectandem
533 1220 698 1292 reserenda
728 1211 860 1291 suntad
885 1219 1067 1290 societatum
1091 1219 1274 1316 adminicula
1317 1211 1320 1220 ’
1368 1317 1370 1320 Ι

275 1362 354 1430 quae
390 1339 506 1425 luerint
535 1349 588 1410 aut
617 1362 680 1408 non
704 1336 835 1421 luerint,
863 1336 919 1407 sed
948 1337 1111 1407 referenda
1141 1336 1272 1407 suntad

275 1481 367 1526 unam
399 1459 589 1527 voluntatem
613 1453 685 1533 Dei,
719 1436 773 1543 qui
796 1452 833 1521 ad
858 1462 982 1546 tempus
1007 1454 1173 1546 prophetas
1197 1477 1272 1524 suos

274 1573 406 1664 delegat,
429 1573 468 1644 ad
490 1581 614 1663 tempus
639 1571 800 1660 delegatos
826 1570 907 1639 dicto
939 1571 1110 1645 audientes·
1125 1594 1178 1640 eos
1204 1593 1273 1640 esse

273 1688 377 1758 iubet:
415 1713 477 1782 quo
506 1689 536 1758 in
564 1711 680 1781 genere
716 1687 873 1778 praeclare
908 1687 983 1755 dicit
1009 1690 1106 1756 Amos
1144 1687 1185 1776 (3,
1221 1690 1272 1771 8):

273 1807 360 1888 „Leo
384 1807 493 1897 mugit,
522 1807 592 1896 quis
617 1828 680 1873 non
710 1804 836 1872 metuit·
865 1792 1020 1872 Dominus
1050 1802 1171 1886 effatur,
1202 1803 1272 1895 quis

273 1945 334 2005 non
359 1921 502 1992 vaticinat
503 1946 540 1991 ur
548 1921 625 2012 *)‘i“
665 1923 770 2012 Atque
795 1919 976 2014 posterius
974 1918 1060 2001 illud,
1090 1920 1177 2012 quod
1200 1921 1272 1990 alle·

272 2049 324 2131 gat
348 2038 560 2120 Oehler,1am
583 2035 657 2105 nibil
682 2036 794 2128 probat
816 2037 877 2107 uisi
899 2036 1091 2108 amandatam
1116 2037 1272 2108 exstitisse

273 2154 497 2246 prophetarum
530 2153 668 2222 Jebovae
703 2155 824 2245 copiam
855 2176 893 2222 eo
924 2163 1085 2245 tempore,
1117 2152 1156 2224 ad
1187 2153 1272 2245 quod

274 2274 290 2338 i
317 2272 391 2361 Reg.
425 2273 464 2337 18
488 2270 646 2361 pertineta
673 2292 786 2361 nempe
816 2269 943 2345 ineunte
970 2294 1102 2362 regnum
1130 2268 1272 2349 Acbabo,

276 2386 327 2478 qui
351 2386 461 2467 tribus,
485 2411 502 2456 a
524 2369 632 2478 templi
645 2387 806 2468 sanctitate
823 2389 935 2458 scissas
951 2409 988 2457 ac
1003 2387 1171 2457 vitulorum
1187 2387 1272 2456 cultu

273 2503 419 2586 obrutas,
460 2501 643 2593 inquinabat
673 2511 703 2571 et
721 2502 926 2595 idololatriae
954 2503 1186 2574 introductione
1215 2528 1272 2596 pu·

273 2619 405 2709 blica**).
436 2619 486 2688 Ex
508 2618 607 2700 bisce,
637 2619 662 2688 si
686 2642 766 2712 quae
789 2621 890 2691 adhuc
913 2621 952 2689 de
975 2621 1197 2713 prophetarum
1218 2645 1271 2690 so·

271 2749 482 2766 n—q-

341 2804 363 2868 ⁸)
381 2803 451 2856 llaec
475 2811 593 2871 spectant
620 2800 671 2854 tam
699 2803 732 2855 ad
760 2804 944 2872 prophetarum
973 2820 1020 2873 per
1043 2805 1124 2858 verba
1152 2803 1272 2872 factaque

273 2894 453 2961 operationem
472 2902 547 2962 quam
567 2892 599 2944 ad
619 2890 799 2946 efficacitatem
819 2909 885 2960 enm,
905 2911 954 2962 qua
974 2893 1049 2946 simul
1068 2910 1150 2962 opera
1163 2894 1272 2946 dicanda

270 2992 328 3034 erat
337 2981 415 3034 rebus
434 2983 581 3050 gestis-per
600 2981 699 3034 litteras
719 2984 911 3052 consignandis,
930 2984 1007 3051 igitur
1026 2983 1058 3034 de
1077 2982 1176 3036 Davide
1195 2999 1272 3051 quum

270 3081 448 3123 memorantur
467 3072 493 3122 in
514 3069 527 3121 1
548 3069 607 3123 cur.
627 3067 670 3136 99,
689 3069 722 3122 29
742 3073 801 3126 libri
821 3074 957 3138 Samuelis,
975 3071 1107 3137 llatbanis,
1127 3072 1218 3125 Gadis:
1239 3072 1271 3122 de

272 3159 417 3213 Salomonis
446 3161 555 3228 imperio
585 3170 611 3211 et
640 3161 701 3215 vita.
719 3163 745 3213 in
769 3160 786 3212 2
816 3161 875 3215 Chr.
901 3161 925 3229 9,
955 3159 988 3213 29
1017 3163 1112 3229 scripta
1139 3160 1272 3226 llathanis,

271 3249 386 3316 debitae,
404 3248 522 3315 ledonis,
540 3242 691 3318 neutiquam
709 3260 757 3316 est,
776 3267 822 3303 cur
837 3255 992 3320 interpretes
1007 3248 1109 3318 quidam
1129 3267 1161 3302 ex
1180 3251 1271 3302 borum

271 3339 396 3392 librorum
420 3341 611 3407 conscriptione
635 3339 763 3406 instituta,
791 3356 857 3408 quae
877 3342 902 3393 ci
920 3340 1021 3393 muneri
1046 3340 1144 3392 adacta·
1165 3338 1271 3403 fuerint,

271 3429 377 3497 propria
401 3428 474 3497 sequi
494 3428 647 3480 existiment
687 3427 846 3499 Quamquam
866 3440 892 3482 ct
914 3429 1099 3498 prophetarum
1122 3429 1272 3493 societates,

217 3583 219 3587 Ι
272 3519 479 3587 quandocunque
499 3518 653 3581 exstiterint,
678 3519 818 3573 abistoria
837 3535 910 3572 encra
929 3519 1022 3571 litteris
1041 3519 1206 3626 depingenda
1219 3534 1271 3569 non

272 3610 370 3662 alienas
383 3608 463 3661 fuisse
476 3607 617 3676 putandum
636 3617 683 3659 est.

342 3715 377 3776 ”)
394 3715 447 3767 llos
466 3714 620 3783 propbetas,
645 3730 754 3784 quorum
780 3716 877 3767 mentio
900 3716 952 3768 uc·
945 3732 971 3767 m
993 3713 1005 3768 l
1026 3713 1092 3783 ch.
1113 3710 1155 3779 18,
1179 3711 1203 3763 d.
1231 3709 1270 3777 13,

273 3807 300 3859 in
326 3806 410 3874 primo
438 3805 662 3860 commentationis
690 3806 775 3873 capite
789 3802 949 3871 omisimus,
981 3805 1050 3874 quod
1077 3801 1104 3854 id
1131 3818 1208 3854 unum
1235 3801 1271 3853 ibi

274 3895 463 3966 spectabamus,
481 3906 508 3949 ut
527 3895 717 3964 expediremus,
731 3911 797 3965 quae
811 3895 843 3948 ad
858 3911 913 3961 eos,
933 3895 975 3965 qui
988 3892 1185 3971 Milli-iffi.)
1207 3908 1271 3944 nun·
