2866 4710
634 193 788 294 -4-0—

211 399 281 446 rum
313 366 499 443 societatum
528 371 597 440 finis
638 370 778 441 sublimis
813 380 844 441 et
872 395 985 444 munus
1017 381 1084 443 erat
1117 394 1212 463 grave

212 514 248 562 ae
264 490 428 580 disticte).
549 573 551 576 Α

269 631 271 635 ’
300 608 370 678 Jam
392 606 471 676 hanc
493 604 716 696 prophetarum
740 606 872 697 copiam,
897 628 990 696 quum
1012 604 1096 676 iuxta
1119 605 1214 700 primi

212 725 281 795 libri
305 721 457 794 Samuelis
480 722 690 791 narrationem
714 722 844 790 seorsim
873 722 1071 813 contemplati
1095 746 1213 804 sumus,

214 841 410 911 conseramus
441 861 511 907 cum
540 838 609 912 illis,
645 862 725 929 quos
760 837 790 906 in
822 837 907 908 libris
938 840 1059 929 Regum
1083 838 1214 909 vidimus

213 961 426 1052 Όᾞᾙέῦᾛέ·

301 1077 413 1144 Aetate
442 1081 585 1163 utraque,
613 1070 659 1142 his
685 1071 863 1164 Scripturae
893 1096 918 1142 s.
934 1086 937 1093 '
954 1071 1031 1141 lucis
1067 1070 1215 1153 exhibita,

215 1190 422 1282 conspicimus
449 1189 616 1281 prophetas
645 1188 784 1258 Jehovae
809 1189 964 1280 periectos
994 1197 1087 1282 utque
1111 1209 1214 1269 veros,

215 1308 266 1401 qui
291 1307 369 1376 duce
393 1315 424 1375 et
447 1304 624 1375 consiliario
650 1305 803 1397 propheta
827 1305 974 1398 quodam,
1000 1305 1086 1375 cuius
1109 1313 1216 1375 aucto-

213 1425 295 1495 ritas.
320 1422 378 1493 iam
410 1423 596 1503 innotuerat,
617 1421 830 1491 societatibus
854 1424 936 1492 ultro
965 1446 999 1492 se
1028 1430 1217 1491 connectunt

214 1541 253 1612 ud
277 1541 414 1610 tehovae
438 1539 600 1632 imperium
625 1538 705 1608 inter
722 1540 882 1631 populum,
907 1540 1044 1610 foederis
1060 1540 1216 1634 iu-'monte

217 1657 300 1728 Sinai
325 1656 375 1724 icti
406 1657 473 1727 iura
503 1666 533 1726 et
564 1658 665 1728 officia
690 1658 931 1739 detrectantem,
967 1656 1217 1756 contestandum,

216 1774 417 1856 servandum,
442 1773 687 1856 defendendum,
715 1768 954 1843 restituendum.
1001 1760 1099 1845 Hisce
1124 1768 1217 1863 quam

215 1888 397 1961 brevissime
418 1889 476 1972 rei,
501 1890 549 1958 de‘
571 1915 630 1983 qua
649 1890 761 1983 agitur,
779 1889 993 1981 insignivimus
1024 1889 1137 1986 capita:
1166 1913 1217 1959 res

1040 2025 1047 2061 t

215 2073 423 2083 -——--

286 2169 308 2233 ‘)
328 2171 402 2233 Quae
419 2170 527 2238 Murgan
547 2170 610 2234 (The
630 2173 713 2225 moral
732 2156 902 2240 philosopher
921 2168 977 2222 Vol.
998 2170 1018 2236 1,
1031 2147 1061 2254 Ρ.
1080 2167 1133 2223 292
1152 2172 1219 2240 squ)

217 2261 250 2314 de
269 2260 463 2329 prophetarum,
481 2276 557 2329 quem
577 2254 647 2336 dicit,
666 2263 759 2314 ordine
784 2277 798 2312 a
817 2253 938 2333 Samuele
958 2261 1083 2313 adsensus
1096 2268 1219 2329 potesta-

217 2343 386 2417 tent'regiam
410 2349 514 2401 condito
541 2350 693 2419 disputavit,
711 2349 803 2419 partim
824 2350 979 2418 'corrigenda
1001 2350 1111 2418 partim.
1124 2349 1219 2402 infrin-

216 2437 302 2507 genda
319 2455 352 2490 ex
374 2454 414 2502 ea,
433 2449 508 2505 quam
533 2454 610 2506 supra
635 2441 750 2494 breviter
769 2441 964 2507 descripsimus,
983 2439 1091 2491 civitatis
1111 2438 1219 2492 Israeli·
1287 2448 1297 2473 ,-

219 2538 302 2580 tarum
322 2528 390 2579 idea.
416 2525 487 2578 Inter
506 2527 584 2580 Suum
604 2529 672 2581 enim
692 2530 814 2598 poputum
827 2526 897 2580 Deus
912 2530 993 2582 voluit
1011 2518 1131 2596 et'primi
1150 2528 1220 2594 regis

218 2617 405 2688 iustitutionem
425 2617 456 2669 ad
477 2617 661 2685 cogitationem
682 2619 869 2672 sanctimoniae
890 2626 915 2670 et
934 2619 1023 2670 salutis
1046 2618 1152 2687 generis
1170 2617 1221 2669 hu·

218 2707 286 2760 mani
312 2705 495 2759 conformatam
524 2715 550 2758 et
572 2708 656 2775 regni,
685 2707 830 2775 hoc-modu
859 2708 978 2776 instituti,
998 2703 1220 2760 continuationem

218 2797 317 2863 eadem*
329 2812 420 2849 norma
439 2807 516 2866 atque
535 2797 626 2864 regula
646 2782 825 2852 conservatam
843 2780 924 2850 voluit
942 2807 1019 2867 atque
1035 2791 1219 2864 circumscrip-

217 2894 283 2950 tum;
297 2887 366 2938 unde
380 2886 505 2954 dignitate
524 2902 570 2938 sua
590 2887 677 2939 divina
697 2888 739 2954 qui
759 2903 836 2955 reges
856 2903 884 2939 se
903 2887 1024 2956 indignos
1043 2873 1219 2955 praestabunt,

219 2975 262 3044 qui
281 2990 310 3028 re
328 2975 467 3044 verbisque
486 2975 716 3043 regemaltiorem3
736 2976 808 3028 cuius
822 2977 961 3044 imaginem
978 2976 1101 3028 exhibere
1115 2975 1220 3040 debent,

219 3065 400 3131 deseruerunt,
420 3065 467 3117 hus
478 3081 525 3117 suo
544 3066 600 3136 iure
619 3056 719 3118 tehtva
737 3065 945 3133 perpropueus,
964 3065 995 3116 ab
1013 3066 1071 3133 ipso
1084 3066 1221 3134 delegatos

218 3154 279 3206 inde
293 3164 377 3206 mutos
396 3155 540 3220 iudicabat,
559 3155 602 3207 ubi
624 3155 735 3208 vicarios
761 3155 853 3207 infidos
876 3171 936 3207 sese
960 3155 1144 3223 praebuerunt.
1181 3154 1221 3206 Ex

218 3228 268 3294 hoc
287 3243 344 3297 iure
363 3242 483 3310 Samuel,
502 3245 664 3297 societatum
687 3245 872 3313 prophetarum
898 3246 962 3310 dux,
980 3226 1060 3298 Sauli
1089 3245 1222 3317 annuntiat

220 3334 397 3401 reguumipsi
416 3351 431 3386 a
449 3332 506 3386 Deo
526 3334 699 3387 abiudicatum
717 3332 895 3404 Davidemque
914 3335 1004 3403 unguit
1021 3328 1220 3414 'successorem3

220 3421 312 3473 eodem
330 3422 397 3487 iure,
416 3424 487 3474 cuius
508 3432 533 3474 et
542 3423 627 3483 Bauer
647 3426 737 3491 (Hebr.
749 3424 852 3492 Mythoi.
873 3422 907 3489 11,
925 3442 950 3492 Ρ.
972 3421 1047 3488 146),
1068 3421 1121 3475 Leo
1141 3423 1219 3486 (Vor-

220 3511 303 3579 lesgg.
323 3511 405 3563 ueber
425 3511 449 3563 d.
472 3512 564 3565 Gesch.
584 3515 608 3566 d.
628 3514 882 3580 tumnensium),
902 3513 943 3565 all.
963 3513 1067 3564 nescios
1091 3530 1120 3565 se
1140 3513 1221 3582 profi-

220 3609 317 3666 tentur,
335 3601 388 3666 ille,
408 3601 450 3669 qui
469 3602 580 3655 mittitur'
595 3620 627 3655 er
646 3605 830 3673 prophetarum
840 3603 976 3665 societate,
994 3602 1078 3656 Jehuo
1096 3602 1221 3656 aJehovu

220 3704 310 3757 regem
330 3707 388 3743 eum
406 3690 502 3743 factum
521 3693 630 3757 iudicat,
655 3704 683 3746 ut
701 3695 792 3747 domus
815 3692 913 3746 Achabi
933 3693 1042 3763 eiusque
1066 3700 1221 3745 sectatorum

220 3779 337 3835 facinora
356 3781 536 3849 ulcisceretur,
554 3777 572 3833 2
590 3781 656 3856 Reg.
675 3780 700 3850 9,
719 3780 735 3834 6
753 3799 809 3855 sqq.
