<?xml version="1.0" encoding="UTF-8"?>
<!DOCTYPE html PUBLIC "-//W3C//DTD XHTML 1.0 Transitional//EN"
    "http://www.w3.org/TR/xhtml1/DTD/xhtml1-transitional.dtd">
<html xmlns="http://www.w3.org/1999/xhtml" xml:lang="en" lang="en">
 <head>
  <title>
</title>
<meta http-equiv="Content-Type" content="text/html;charset=utf-8" />
  <meta name='ocr-system' content='tesseract 3.04.00' />
  <meta name='ocr-capabilities' content='ocr_page ocr_carea ocr_par ocr_line ocrx_word'/>
</head>
<body>
  <div class='ocr_page' id='page_1' title='image "./deiisquaeintest00krangoog_0046.png"; bbox 0 0 2866 4710; ppageno 0'>
   <div class='ocr_carea' id='block_1_1' title="bbox 626 276 1088 394">
    <p class='ocr_par' dir='ltr' id='par_1_1' title="bbox 626 276 1088 394">
     <span class='ocr_line' id='line_1_1' title="bbox 626 276 1088 394; baseline 0.004 -87"><span class='ocrx_word' id='word_1_1' title='bbox 626 289 780 394; x_wconf 63' lang='lat' dir='ltr'>.·-³l..</span> <span class='ocrx_word' id='word_1_2' title='bbox 1075 276 1088 309; x_wconf 87' lang='lat'><strong>.</strong></span> 
     </span>
    </p>
   </div>
   <div class='ocr_carea' id='block_1_2' title="bbox 121 416 1199 555">
    <p class='ocr_par' dir='ltr' id='par_1_2' title="bbox 121 416 1199 555">
     <span class='ocr_line' id='line_1_2' title="bbox 121 416 1199 555; baseline 0.014 -28"><span class='ocrx_word' id='word_1_3' title='bbox 121 480 124 485; x_wconf 89' lang='lat'><em>·</em></span> <span class='ocrx_word' id='word_1_4' title='bbox 200 416 396 533; x_wconf 71' lang='lat' dir='ltr'>dificultates</span> <span class='ocrx_word' id='word_1_5' title='bbox 429 462 549 554; x_wconf 81' lang='lat' dir='ltr'>Hering</span> <span class='ocrx_word' id='word_1_6' title='bbox 577 464 645 555; x_wconf 89' lang='lat' dir='ltr'>ipse</span> <span class='ocrx_word' id='word_1_7' title='bbox 661 468 798 537; x_wconf 68' lang='lat' dir='ltr'>&#39;tandem</span> <span class='ocrx_word' id='word_1_8' title='bbox 830 460 994 540; x_wconf 80' lang='lat' dir='ltr'>lobricotus</span> <span class='ocrx_word' id='word_1_9' title='bbox 1010 521 1014 530; x_wconf 79' lang='lat'><em>·</em></span> <span class='ocrx_word' id='word_1_10' title='bbox 1030 431 1093 552; x_wconf 80' lang='lat' dir='ltr'>est3</span> <span class='ocrx_word' id='word_1_11' title='bbox 1109 486 1112 491; x_wconf 85' lang='lat'>&#39;</span> <span class='ocrx_word' id='word_1_12' title='bbox 1128 434 1199 544; x_wconf 70' lang='lat' dir='ltr'>nom</span> 
     </span>
    </p>
   </div>
   <div class='ocr_carea' id='block_1_3' title="bbox 200 575 1402 677">
    <p class='ocr_par' dir='ltr' id='par_1_3' title="bbox 200 575 1402 677">
     <span class='ocr_line' id='line_1_3' title="bbox 200 575 1402 677; baseline 0.014 -34"><span class='ocrx_word' id='word_1_13' title='bbox 200 576 274 669; x_wconf 93' lang='lat' dir='ltr'>quid</span> <span class='ocrx_word' id='word_1_14' title='bbox 289 577 428 648; x_wconf 91' lang='lat' dir='ltr'>crebrius</span> <span class='ocrx_word' id='word_1_15' title='bbox 446 575 590 661; x_wconf 89' lang='lat' dir='ltr'>occurrit,</span> <span class='ocrx_word' id='word_1_16' title='bbox 611 604 703 675; x_wconf 83' lang='lat' dir='ltr'>quum</span> <span class='ocrx_word' id='word_1_17' title='bbox 720 593 764 664; x_wconf 88' lang='lat' dir='ltr'>ut,</span> <span class='ocrx_word' id='word_1_18' title='bbox 789 608 868 677; x_wconf 86' lang='lat' dir='ltr'>quoe</span> <span class='ocrx_word' id='word_1_19' title='bbox 890 609 971 656; x_wconf 90' lang='lat' dir='ltr'>unus</span> <span class='ocrx_word' id='word_1_20' title='bbox 995 611 1033 656; x_wconf 81' lang='lat' dir='ltr'>ex</span> <span class='ocrx_word' id='word_1_21' title='bbox 1048 590 1198 660; x_wconf 85' lang='lat' dir='ltr'>societate</span> <span class='ocrx_word' id='word_1_22' title='bbox 1302 651 1304 654; x_wconf 95' lang='lat'>.</span> <span class='ocrx_word' id='word_1_23' title='bbox 1399 622 1402 631; x_wconf 90' lang='lat'><em>·</em></span> 
     </span>
    </p>
   </div>
   <div class='ocr_carea' id='block_1_4' title="bbox 110 695 1197 1146">
    <p class='ocr_par' dir='ltr' id='par_1_4' title="bbox 110 695 1197 1146">
     <span class='ocr_line' id='line_1_4' title="bbox 200 695 1197 784; baseline 0.016 -24"><span class='ocrx_word' id='word_1_24' title='bbox 200 696 331 784; x_wconf 81' lang='lat' dir='ltr'>quedam</span> <span class='ocrx_word' id='word_1_25' title='bbox 355 695 473 776; x_wconf 88' lang='lat' dir='ltr'>lecerit,</span> <span class='ocrx_word' id='word_1_26' title='bbox 503 697 541 766; x_wconf 82' lang='lat' dir='ltr'>ab</span> <span class='ocrx_word' id='word_1_27' title='bbox 579 698 727 769; x_wconf 84' lang='lat' dir='ltr'>societate</span> <span class='ocrx_word' id='word_1_28' title='bbox 761 710 826 772; x_wconf 80' lang='lat' dir='ltr'>totu</span> <span class='ocrx_word' id='word_1_29' title='bbox 854 703 934 773; x_wconf 77' lang='lat' dir='ltr'>sacta</span> <span class='ocrx_word' id='word_1_30' title='bbox 969 727 1037 775; x_wconf 91' lang='lat' dir='ltr'>esse</span> <span class='ocrx_word' id='word_1_31' title='bbox 1071 730 1197 777; x_wconf 83' lang='lat' dir='ltr'>norren-</span> 
     </span>
     <span class='ocr_line' id='line_1_5' title="bbox 198 814 1197 910; baseline 0.014 -31"><span class='ocrx_word' id='word_1_32' title='bbox 198 818 264 880; x_wconf 89' lang='lat' dir='ltr'>tur:</span> <span class='ocrx_word' id='word_1_33' title='bbox 313 814 382 903; x_wconf 90' lang='lat' dir='ltr'>quis</span> <span class='ocrx_word' id='word_1_34' title='bbox 425 838 520 906; x_wconf 91' lang='lat' dir='ltr'>quum</span> <span class='ocrx_word' id='word_1_35' title='bbox 564 814 721 887; x_wconf 82' lang='lat' dir='ltr'>Abrohom</span> <span class='ocrx_word' id='word_1_36' title='bbox 756 816 795 886; x_wconf 92' lang='lat' dir='ltr'>de</span> <span class='ocrx_word' id='word_1_37' title='bbox 837 842 912 910; x_wconf 82' lang='lat' dir='ltr'>agro</span> <span class='ocrx_word' id='word_1_38' title='bbox 957 821 1089 890; x_wconf 92' lang='lat' dir='ltr'>emendo</span> <span class='ocrx_word' id='word_1_39' title='bbox 1127 846 1197 893; x_wconf 92' lang='lat' dir='ltr'>cum</span> 
     </span>
     <span class='ocr_line' id='line_1_6' title="bbox 198 924 1197 1020; baseline 0.013 -23"><span class='ocrx_word' id='word_1_40' title='bbox 198 927 350 997; x_wconf 85' lang='lat' dir='ltr'>Chetbitis</span> <span class='ocrx_word' id='word_1_41' title='bbox 380 929 620 1020; x_wconf 81' lang='lat' dir='ltr'>colloqueretur,</span> <span class='ocrx_word' id='word_1_42' title='bbox 646 955 700 1002; x_wconf 91' lang='lat' dir='ltr'>eos</span> <span class='ocrx_word' id='word_1_43' title='bbox 724 957 832 1004; x_wconf 89' lang='lat' dir='ltr'>omnes</span> <span class='ocrx_word' id='word_1_44' title='bbox 853 924 884 1003; x_wconf 92' lang='lat' dir='ltr'>et</span> <span class='ocrx_word' id='word_1_45' title='bbox 913 949 1042 1007; x_wconf 89' lang='lat' dir='ltr'>cunctos</span> <span class='ocrx_word' id='word_1_46' title='bbox 1071 964 1132 1010; x_wconf 85' lang='lat' dir='ltr'>uun</span> <span class='ocrx_word' id='word_1_47' title='bbox 1165 950 1197 1010; x_wconf 81' lang='lat' dir='ltr'>e&#39;t</span> 
     </span>
     <span class='ocr_line' id='line_1_7' title="bbox 110 1043 1196 1146; baseline 0.014 -36"><span class='ocrx_word' id='word_1_48' title='bbox 110 1098 126 1133; x_wconf 69' lang='lat'>‚.</span> <span class='ocrx_word' id='word_1_49' title='bbox 189 1043 289 1124; x_wconf 81' lang='lat' dir='ltr'>,simul</span> <span class='ocrx_word' id='word_1_50' title='bbox 313 1045 515 1137; x_wconf 89' lang='lat' dir='ltr'>respondisse</span> <span class='ocrx_word' id='word_1_51' title='bbox 538 1048 673 1118; x_wconf 88' lang='lat' dir='ltr'>animum</span> <span class='ocrx_word' id='word_1_52' title='bbox 696 1051 825 1132; x_wconf 83' lang='lat' dir='ltr'>inducit,</span> <span class='ocrx_word' id='word_1_53' title='bbox 849 1055 989 1143; x_wconf 83' lang='lat' dir='ltr'>quamvis</span> <span class='ocrx_word' id='word_1_54' title='bbox 1013 1055 1196 1146; x_wconf 72' lang='lat' dir='ltr'>legntffien.</span> 
     </span>
    </p>
   </div>
   <div class='ocr_carea' id='block_1_5' title="bbox 55 1140 1197 1265">
    <p class='ocr_par' dir='ltr' id='par_1_5' title="bbox 55 1140 1197 1265">
     <span class='ocr_line' id='line_1_8' title="bbox 55 1140 1197 1265; baseline 0.018 -42"><span class='ocrx_word' id='word_1_55' title='bbox 55 1149 61 1161; x_wconf 77' lang='grc'><em>“</em></span> <span class='ocrx_word' id='word_1_56' title='bbox 143 1191 172 1233; x_wconf 64' lang='grc'>»,</span> <span class='ocrx_word' id='word_1_57' title='bbox 199 1163 250 1239; x_wconf 82' lang='lat'>23,</span> <span class='ocrx_word' id='word_1_58' title='bbox 272 1164 303 1254; x_wconf 83' lang='lat'>5)</span> <span class='ocrx_word' id='word_1_59' title='bbox 315 1140 347 1224; x_wconf 75' lang='lat' dir='ltr'>b</span> <span class='ocrx_word' id='word_1_60' title='bbox 358 1156 449 1244; x_wconf 63' lang='lat' dir='ltr'>ton?</span> <span class='ocrx_word' id='word_1_61' title='bbox 467 1152 645 1260; x_wconf 59' lang='lat' dir='ltr'>oppio-nu</span> <span class='ocrx_word' id='word_1_62' title='bbox 663 1172 777 1264; x_wconf 53' lang='lat' dir='ltr'>cnop</span> <span class='ocrx_word' id='word_1_63' title='bbox 796 1174 879 1265; x_wconf 61' lang='lat' dir='ltr'>imp:</span> <span class='ocrx_word' id='word_1_64' title='bbox 915 1169 983 1260; x_wconf 82' lang='lat' dir='ltr'>quis</span> <span class='ocrx_word' id='word_1_65' title='bbox 1019 1165 1197 1242; x_wconf 73' lang='lat' dir='ltr'>trihemito-</span> 
     </span>
    </p>
   </div>
   <div class='ocr_carea' id='block_1_6' title="bbox 197 1273 1200 1380">
    <p class='ocr_par' dir='ltr' id='par_1_6' title="bbox 197 1273 1200 1380">
     <span class='ocr_line' id='line_1_9' title="bbox 197 1273 1200 1380; baseline 0.012 -35"><span class='ocrx_word' id='word_1_66' title='bbox 197 1301 266 1351; x_wconf 90' lang='lat' dir='ltr'>rum</span> <span class='ocrx_word' id='word_1_67' title='bbox 279 1281 409 1374; x_wconf 81' lang='lat' dir='ltr'>legatos,</span> <span class='ocrx_word' id='word_1_68' title='bbox 422 1306 526 1352; x_wconf 87' lang='lat' dir='ltr'>eorum</span> <span class='ocrx_word' id='word_1_69' title='bbox 543 1284 560 1350; x_wconf 84' lang='lat' dir='ltr'>J</span> <span class='ocrx_word' id='word_1_70' title='bbox 566 1273 641 1354; x_wconf 84' lang='lat' dir='ltr'>nsua</span> <span class='ocrx_word' id='word_1_71' title='bbox 663 1295 789 1367; x_wconf 84' lang='lat' dir='ltr'>stantes,</span> <span class='ocrx_word' id='word_1_72' title='bbox 807 1309 915 1356; x_wconf 88' lang='lat' dir='ltr'>omnes</span> <span class='ocrx_word' id='word_1_73' title='bbox 931 1284 1020 1356; x_wconf 90' lang='lat' dir='ltr'>simul</span> <span class='ocrx_word' id='word_1_74' title='bbox 1037 1276 1200 1380; x_wconf 81' lang='lat' dir='ltr'>operuisse</span> 
     </span>
    </p>
   </div>
   <div class='ocr_carea' id='block_1_7' title="bbox 86 1392 1196 1497">
    <p class='ocr_par' dir='ltr' id='par_1_7' title="bbox 86 1392 1196 1497">
     <span class='ocr_line' id='line_1_10' title="bbox 86 1392 1196 1497; baseline 0 -31"><span class='ocrx_word' id='word_1_75' title='bbox 86 1452 99 1477; x_wconf 59' lang='grc'>,.</span> <span class='ocrx_word' id='word_1_76' title='bbox 134 1470 137 1475; x_wconf 64' lang='grc'>,</span> <span class='ocrx_word' id='word_1_77' title='bbox 198 1411 263 1479; x_wconf 85' lang='lat' dir='ltr'>ora,</span> <span class='ocrx_word' id='word_1_78' title='bbox 289 1422 385 1491; x_wconf 94' lang='lat' dir='ltr'>quum</span> <span class='ocrx_word' id='word_1_79' title='bbox 408 1399 522 1491; x_wconf 81' lang='lat' dir='ltr'>legitur</span> <span class='ocrx_word' id='word_1_80' title='bbox 543 1392 741 1497; x_wconf 57' lang='lat' dir='ltr'>ll2t5l&#39;lptt&#39;l1</span> <span class='ocrx_word' id='word_1_81' title='bbox 767 1401 845 1490; x_wconf 82' lang='lat' dir='ltr'>(los.</span> <span class='ocrx_word' id='word_1_82' title='bbox 870 1406 900 1483; x_wconf 83' lang='lat'>9,</span> <span class='ocrx_word' id='word_1_83' title='bbox 925 1406 955 1469; x_wconf 89' lang='grc'>6.</span> <span class='ocrx_word' id='word_1_84' title='bbox 980 1404 1030 1493; x_wconf 83' lang='grc'>8);</span> <span class='ocrx_word' id='word_1_85' title='bbox 1060 1403 1196 1480; x_wconf 68' lang='lat' dir='ltr'>Rubeni</span> 
     </span>
    </p>
   </div>
   <div class='ocr_carea' id='block_1_8' title="bbox 197 1515 1195 1726">
    <p class='ocr_par' dir='ltr' id='par_1_8' title="bbox 197 1515 1195 1726">
     <span class='ocr_line' id='line_1_11' title="bbox 197 1515 1195 1595; baseline 0.004 -11"><span class='ocrx_word' id='word_1_86' title='bbox 197 1523 254 1595; x_wconf 83' lang='lat' dir='ltr'>tus,</span> <span class='ocrx_word' id='word_1_87' title='bbox 286 1515 413 1586; x_wconf 82' lang='lat' dir='ltr'>Gaditas</span> <span class='ocrx_word' id='word_1_88' title='bbox 444 1541 504 1586; x_wconf 86' lang='lat' dir='ltr'>unu</span> <span class='ocrx_word' id='word_1_89' title='bbox 535 1540 603 1586; x_wconf 90' lang='lat' dir='ltr'>cum</span> <span class='ocrx_word' id='word_1_90' title='bbox 633 1518 716 1588; x_wconf 93' lang='lat' dir='ltr'>tribu</span> <span class='ocrx_word' id='word_1_91' title='bbox 739 1520 977 1588; x_wconf 78' lang='lat' dir='ltr'>Manassiturum</span> <span class='ocrx_word' id='word_1_92' title='bbox 1001 1515 1124 1590; x_wconf 83' lang='lat' dir='ltr'>dimidia</span> <span class='ocrx_word' id='word_1_93' title='bbox 1148 1521 1195 1589; x_wconf 86' lang='lat' dir='ltr'>vel</span> 
     </span>
     <span class='ocr_line' id='line_1_12' title="bbox 197 1632 1194 1726; baseline 0.003 -28"><span class='ocrx_word' id='word_1_94' title='bbox 197 1639 326 1701; x_wconf 90' lang='lat' dir='ltr'>cunctos</span> <span class='ocrx_word' id='word_1_95' title='bbox 350 1634 397 1701; x_wconf 85' lang='lat' dir='ltr'>vel</span> <span class='ocrx_word' id='word_1_96' title='bbox 419 1632 510 1703; x_wconf 89' lang='lat' dir='ltr'>simul</span> <span class='ocrx_word' id='word_1_97' title='bbox 534 1656 709 1707; x_wconf 91' lang='lat' dir='ltr'>sermonem</span> <span class='ocrx_word' id='word_1_98' title='bbox 733 1634 817 1703; x_wconf 91' lang='lat' dir='ltr'>illum</span> <span class='ocrx_word' id='word_1_99' title='bbox 833 1635 1004 1726; x_wconf 89' lang='lat' dir='ltr'>solemnem</span> <span class='ocrx_word' id='word_1_100' title='bbox 1022 1635 1052 1703; x_wconf 92' lang='lat' dir='ltr'>in</span> <span class='ocrx_word' id='word_1_101' title='bbox 1068 1636 1136 1705; x_wconf 89' lang='lat' dir='ltr'>Jos.</span> <span class='ocrx_word' id='word_1_102' title='bbox 1153 1636 1194 1703; x_wconf 70' lang='lat'>22</span> 
     </span>
    </p>
   </div>
   <div class='ocr_carea' id='block_1_9' title="bbox 65 1728 1196 1849">
    <p class='ocr_par' dir='ltr' id='par_1_9' title="bbox 65 1728 1196 1849">
     <span class='ocr_line' id='line_1_13' title="bbox 65 1728 1196 1849; baseline 0.006 -37"><span class='ocrx_word' id='word_1_103' title='bbox 65 1728 81 1740; x_wconf 34' lang='lat'>&#39;⁵</span> <span class='ocrx_word' id='word_1_104' title='bbox 109 1795 112 1800; x_wconf 87' lang='lat'><em>-</em></span> <span class='ocrx_word' id='word_1_105' title='bbox 156 1774 158 1778; x_wconf 52' lang='lat'><em>⁴</em></span> <span class='ocrx_word' id='word_1_106' title='bbox 196 1747 647 1843; x_wconf 78' lang='lat' dir='ltr'>consignetum&#39;expromsisse,</span> <span class='ocrx_word' id='word_1_107' title='bbox 671 1774 768 1843; x_wconf 92' lang='lat' dir='ltr'>quum</span> <span class='ocrx_word' id='word_1_108' title='bbox 784 1750 930 1821; x_wconf 82' lang='lat' dir='ltr'>scribitur</span> <span class='ocrx_word' id='word_1_109' title='bbox 946 1756 1105 1846; x_wconf 54' lang='lat' dir='ltr'>ipim?</span> <span class='ocrx_word' id='word_1_110' title='bbox 1123 1757 1196 1849; x_wconf 53' lang='lat' dir='ltr'>illst!</span> 
     </span>
    </p>
   </div>
   <div class='ocr_carea' id='block_1_10' title="bbox 81 1858 1269 3593">
    <p class='ocr_par' dir='ltr' id='par_1_10' title="bbox 81 1858 1269 3593">
     <span class='ocr_line' id='line_1_14' title="bbox 196 1858 1269 1963; baseline 0.006 -33"><span class='ocrx_word' id='word_1_111' title='bbox 196 1858 309 1958; x_wconf 59' lang='lat' dir='ltr'>r&#39;llglllpij</span> <span class='ocrx_word' id='word_1_112' title='bbox 330 1863 405 1959; x_wconf 56' lang='lat' dir='ltr'>lippi</span> <span class='ocrx_word' id='word_1_113' title='bbox 423 1871 493 1963; x_wconf 61' lang='lat'>³383]</span> <span class='ocrx_word' id='word_1_114' title='bbox 510 1872 640 1962; x_wconf 55' lang='lat' dir='ltr'>&#39;tp&#39;lppl-</span> <span class='ocrx_word' id='word_1_115' title='bbox 692 1869 805 1961; x_wconf 89' lang='lat' dir='ltr'>Neque</span> <span class='ocrx_word' id='word_1_116' title='bbox 826 1892 1013 1960; x_wconf 81' lang='lat' dir='ltr'>quemquam</span> <span class='ocrx_word' id='word_1_117' title='bbox 1049 1867 1194 1949; x_wconf 73' lang='lat' dir='ltr'>adfuisse,</span> <span class='ocrx_word' id='word_1_118' title='bbox 1266 1888 1269 1893; x_wconf 83' lang='grc'><strong>’</strong></span> 
     </span>
     <span class='ocr_line' id='line_1_15' title="bbox 196 1983 1194 2075; baseline 0.001 -23"><span class='ocrx_word' id='word_1_119' title='bbox 196 1983 249 2074; x_wconf 91' lang='lat' dir='ltr'>qui</span> <span class='ocrx_word' id='word_1_120' title='bbox 278 2002 388 2054; x_wconf 90' lang='lat' dir='ltr'>eorum</span> <span class='ocrx_word' id='word_1_121' title='bbox 417 1986 558 2057; x_wconf 80' lang='lat' dir='ltr'>vaticinia</span> <span class='ocrx_word' id='word_1_122' title='bbox 586 1985 717 2065; x_wconf 80' lang='lat' dir='ltr'>audiret,</span> <span class='ocrx_word' id='word_1_123' title='bbox 747 1984 849 2074; x_wconf 90' lang='lat' dir='ltr'>ipsum</span> <span class='ocrx_word' id='word_1_124' title='bbox 883 1983 1004 2075; x_wconf 83' lang='lat' dir='ltr'>Hering</span> <span class='ocrx_word' id='word_1_125' title='bbox 1033 2007 1194 2075; x_wconf 83' lang='lat' dir='ltr'>praesum·</span> 
     </span>
     <span class='ocr_line' id='line_1_16' title="bbox 195 2100 1193 2195; baseline -0.001 -26"><span class='ocrx_word' id='word_1_126' title='bbox 195 2100 460 2195; x_wconf 26' lang='lat' dir='ltr'>sisse-dicendum</span> <span class='ocrx_word' id='word_1_127' title='bbox 485 2113 577 2181; x_wconf 90' lang='lat' dir='ltr'>esset,</span> <span class='ocrx_word' id='word_1_128' title='bbox 602 2101 722 2172; x_wconf 85' lang='lat' dir='ltr'>etiamsi</span> <span class='ocrx_word' id='word_1_129' title='bbox 745 2101 862 2170; x_wconf 93' lang='lat' dir='ltr'>nullum</span> <span class='ocrx_word' id='word_1_130' title='bbox 876 2123 995 2181; x_wconf 91' lang='lat' dir='ltr'>eorum,</span> <span class='ocrx_word' id='word_1_131' title='bbox 1021 2124 1102 2192; x_wconf 91' lang='lat' dir='ltr'>quos</span> <span class='ocrx_word' id='word_1_132' title='bbox 1118 2101 1193 2171; x_wconf 83' lang='lat' dir='ltr'>ullo-</span> 
     </span>
     <span class='ocr_line' id='line_1_17' title="bbox 196 2215 1193 2310; baseline 0 -26"><span class='ocrx_word' id='word_1_133' title='bbox 196 2217 257 2285; x_wconf 93' lang='lat' dir='ltr'>cuti</span> <span class='ocrx_word' id='word_1_134' title='bbox 282 2217 352 2299; x_wconf 89' lang='lat' dir='ltr'>sint,</span> <span class='ocrx_word' id='word_1_135' title='bbox 376 2218 539 2310; x_wconf 83' lang='lat' dir='ltr'>vestigium</span> <span class='ocrx_word' id='word_1_136' title='bbox 563 2220 675 2309; x_wconf 79' lang='lat' dir='ltr'>inipso</span> <span class='ocrx_word' id='word_1_137' title='bbox 704 2217 890 2296; x_wconf 80' lang='lat' dir='ltr'>narratione,</span> <span class='ocrx_word' id='word_1_138' title='bbox 914 2227 1033 2287; x_wconf 84' lang='lat' dir='ltr'>tuntum</span> <span class='ocrx_word' id='word_1_139' title='bbox 1058 2239 1137 2309; x_wconf 87' lang='lat' dir='ltr'>quae</span> <span class='ocrx_word' id='word_1_140' title='bbox 1154 2215 1193 2284; x_wconf 87' lang='lat' dir='ltr'>od</span> 
     </span>
     <span class='ocr_line' id='line_1_18' title="bbox 196 2332 1192 2431; baseline -0.001 -31"><span class='ocrx_word' id='word_1_141' title='bbox 196 2332 290 2402; x_wconf 88' lang='lat' dir='ltr'>finem</span> <span class='ocrx_word' id='word_1_142' title='bbox 313 2335 433 2404; x_wconf 84' lang='lat' dir='ltr'>auctori</span> <span class='ocrx_word' id='word_1_143' title='bbox 456 2336 557 2431; x_wconf 85' lang='lat' dir='ltr'>lacere</span> <span class='ocrx_word' id='word_1_144' title='bbox 581 2335 741 2404; x_wconf 81' lang='lat' dir='ltr'>videantur</span> <span class='ocrx_word' id='word_1_145' title='bbox 764 2333 900 2403; x_wconf 89' lang='lat' dir='ltr'>breviter</span> <span class='ocrx_word' id='word_1_146' title='bbox 930 2333 1105 2414; x_wconf 81' lang='lat' dir='ltr'>exhibente,</span> <span class='ocrx_word' id='word_1_147' title='bbox 1140 2333 1192 2400; x_wconf 91' lang='lat' dir='ltr'>de-</span> 
     </span>
     <span class='ocr_line' id='line_1_19' title="bbox 196 2439 1191 2545; baseline -0.002 -27"><span class='ocrx_word' id='word_1_148' title='bbox 196 2439 458 2542; x_wconf 85' lang='lat' dir='ltr'>prehenderetur;</span> <span class='ocrx_word' id='word_1_149' title='bbox 501 2475 686 2545; x_wconf 82' lang='lat' dir='ltr'>quemquem</span> <span class='ocrx_word' id='word_1_150' title='bbox 713 2460 834 2520; x_wconf 78' lang='lat' dir='ltr'>exstent</span> <span class='ocrx_word' id='word_1_151' title='bbox 868 2449 1019 2519; x_wconf 90' lang='lat' dir='ltr'>eiusmodi</span> <span class='ocrx_word' id='word_1_152' title='bbox 1050 2447 1191 2540; x_wconf 82' lang='lat' dir='ltr'>vestigia:</span> 
     </span>
     <span class='ocr_line' id='line_1_20' title="bbox 197 2565 1190 2644; baseline -0.002 -10"><span class='ocrx_word' id='word_1_153' title='bbox 197 2567 310 2635; x_wconf 90' lang='lat' dir='ltr'>etenim</span> <span class='ocrx_word' id='word_1_154' title='bbox 339 2567 369 2636; x_wconf 94' lang='lat' dir='ltr'>in</span> <span class='ocrx_word' id='word_1_155' title='bbox 403 2572 417 2634; x_wconf 94' lang='grc'><strong>1</strong></span> <span class='ocrx_word' id='word_1_156' title='bbox 453 2570 534 2639; x_wconf 84' lang='lat' dir='ltr'>Sam.</span> <span class='ocrx_word' id='word_1_157' title='bbox 569 2575 609 2636; x_wconf 89' lang='lat'>10</span> <span class='ocrx_word' id='word_1_158' title='bbox 643 2575 925 2637; x_wconf 84' lang='lat' dir='ltr'>commemorantur</span> <span class='ocrx_word' id='word_1_159' title='bbox 946 2565 1190 2644; x_wconf 58' lang='lat' dir='ltr'>,Philistaeorum</span> 
     </span>
     <span class='ocr_line' id='line_1_21' title="bbox 196 2681 1187 2777; baseline -0.006 -25"><span class='ocrx_word' id='word_1_160' title='bbox 196 2682 367 2766; x_wconf 87' lang='lat' dir='ltr'>custodiae,</span> <span class='ocrx_word' id='word_1_161' title='bbox 392 2708 472 2777; x_wconf 82' lang='lat' dir='ltr'>quae</span> <span class='ocrx_word' id='word_1_162' title='bbox 494 2684 538 2754; x_wconf 92' lang='lat' dir='ltr'>ibi</span> <span class='ocrx_word' id='word_1_163' title='bbox 562 2686 675 2755; x_wconf 88' lang='lat' dir='ltr'>luerint</span> <span class='ocrx_word' id='word_1_164' title='bbox 701 2683 741 2773; x_wconf 84' lang='lat' dir='ltr'>(v.</span> <span class='ocrx_word' id='word_1_165' title='bbox 765 2683 802 2773; x_wconf 73' lang='lat' dir='ltr'>bl</span> <span class='ocrx_word' id='word_1_166' title='bbox 822 2695 914 2776; x_wconf 81' lang='lat' dir='ltr'>atque</span> <span class='ocrx_word' id='word_1_167' title='bbox 938 2681 1022 2752; x_wconf 78' lang='lat' dir='ltr'>iuxta</span> <span class='ocrx_word' id='word_1_168' title='bbox 1045 2703 1124 2750; x_wconf 89' lang='lat' dir='ltr'>vers.</span> <span class='ocrx_word' id='word_1_169' title='bbox 1150 2686 1187 2747; x_wconf 94' lang='grc'>11</span> 
     </span>
     <span class='ocr_line' id='line_1_22' title="bbox 194 2788 1190 2898; baseline -0.003 -28"><span class='ocrx_word' id='word_1_170' title='bbox 194 2798 282 2870; x_wconf 81' lang='lat' dir='ltr'>adest</span> <span class='ocrx_word' id='word_1_171' title='bbox 304 2801 465 2869; x_wconf 90' lang='lat' dir='ltr'>bominum</span> <span class='ocrx_word' id='word_1_172' title='bbox 489 2801 665 2898; x_wconf 87' lang='lat' dir='ltr'>multitudo,</span> <span class='ocrx_word' id='word_1_173' title='bbox 690 2822 770 2893; x_wconf 80' lang='lat' dir='ltr'>quae</span> <span class='ocrx_word' id='word_1_174' title='bbox 794 2808 825 2867; x_wconf 90' lang='lat' dir='ltr'>et</span> <span class='ocrx_word' id='word_1_175' title='bbox 846 2799 908 2867; x_wconf 91' lang='lat' dir='ltr'>hoc</span> <span class='ocrx_word' id='word_1_176' title='bbox 930 2788 1021 2868; x_wconf 85' lang='lat' dir='ltr'>versu</span> <span class='ocrx_word' id='word_1_177' title='bbox 1046 2808 1077 2867; x_wconf 88' lang='lat' dir='ltr'>et</span> <span class='ocrx_word' id='word_1_178' title='bbox 1100 2819 1190 2867; x_wconf 90' lang='lat' dir='ltr'>versu</span> 
     </span>
     <span class='ocr_line' id='line_1_23' title="bbox 195 2916 1190 3009; baseline -0.002 -26"><span class='ocrx_word' id='word_1_179' title='bbox 195 2916 368 3009; x_wconf 89' lang='lat' dir='ltr'>insequenti</span> <span class='ocrx_word' id='word_1_180' title='bbox 400 2917 602 3007; x_wconf 81' lang='lat' dir='ltr'>distinguitur</span> <span class='ocrx_word' id='word_1_181' title='bbox 625 2918 661 2985; x_wconf 86' lang='lat' dir='ltr'>ob</span> <span class='ocrx_word' id='word_1_182' title='bbox 687 2916 738 2984; x_wconf 92' lang='lat' dir='ltr'>illo</span> <span class='ocrx_word' id='word_1_183' title='bbox 763 2916 984 3009; x_wconf 82' lang='lat' dir='ltr'>prophetorum</span> <span class='ocrx_word' id='word_1_184' title='bbox 1000 2925 1109 2993; x_wconf 89' lang='lat' dir='ltr'>coetu;</span> <span class='ocrx_word' id='word_1_185' title='bbox 1133 2937 1190 2984; x_wconf 88' lang='lat' dir='ltr'>nec</span> 
     </span>
     <span class='ocr_line' id='line_1_24' title="bbox 193 3032 1190 3125; baseline -0.004 -25"><span class='ocrx_word' id='word_1_186' title='bbox 193 3034 226 3100; x_wconf 92' lang='lat' dir='ltr'>in</span> <span class='ocrx_word' id='word_1_187' title='bbox 251 3036 351 3124; x_wconf 86' lang='lat' dir='ltr'>cupite</span> <span class='ocrx_word' id='word_1_188' title='bbox 377 3038 415 3100; x_wconf 85' lang='lat'>19</span> <span class='ocrx_word' id='word_1_189' title='bbox 440 3056 502 3102; x_wconf 93' lang='lat' dir='ltr'>non</span> <span class='ocrx_word' id='word_1_190' title='bbox 526 3042 608 3114; x_wconf 90' lang='lat' dir='ltr'>sunt,</span> <span class='ocrx_word' id='word_1_191' title='bbox 633 3056 712 3125; x_wconf 87' lang='lat' dir='ltr'>quoe</span> <span class='ocrx_word' id='word_1_192' title='bbox 735 3056 790 3102; x_wconf 88' lang='lat' dir='ltr'>eos</span> <span class='ocrx_word' id='word_1_193' title='bbox 813 3032 959 3103; x_wconf 85' lang='lat' dir='ltr'>babuisse</span> <span class='ocrx_word' id='word_1_194' title='bbox 973 3035 1113 3111; x_wconf 83' lang='lat' dir='ltr'>innuunt,</span> <span class='ocrx_word' id='word_1_195' title='bbox 1137 3053 1190 3098; x_wconf 91' lang='lat' dir='ltr'>oo-</span> 
     </span>
     <span class='ocr_line' id='line_1_25' title="bbox 194 3136 1190 3241; baseline -0.004 -22"><span class='ocrx_word' id='word_1_196' title='bbox 194 3173 259 3221; x_wconf 85' lang='lat' dir='ltr'>ram</span> <span class='ocrx_word' id='word_1_197' title='bbox 287 3150 401 3241; x_wconf 91' lang='lat' dir='ltr'>quibus</span> <span class='ocrx_word' id='word_1_198' title='bbox 432 3149 748 3220; x_wconf 62' lang='lat' dir='ltr'>vaticinnrenturzcl,</span> <span class='ocrx_word' id='word_1_199' title='bbox 772 3149 915 3217; x_wconf 88' lang='lat' dir='ltr'>inversu</span> <span class='ocrx_word' id='word_1_200' title='bbox 940 3152 977 3213; x_wconf 80' lang='lat'>21</span> <span class='ocrx_word' id='word_1_201' title='bbox 1005 3136 1079 3216; x_wconf 92' lang='lat' dir='ltr'>illud</span> <span class='ocrx_word' id='word_1_202' title='bbox 1102 3150 1190 3227; x_wconf 60' lang='lat' dir='ltr'>lislfflr</span> 
     </span>
     <span class='ocr_line' id='line_1_26' title="bbox 81 3242 1188 3361; baseline -0.003 -28"><span class='ocrx_word' id='word_1_203' title='bbox 81 3305 84 3311; x_wconf 91' lang='lat'>-</span> <span class='ocrx_word' id='word_1_204' title='bbox 193 3265 224 3335; x_wconf 91' lang='lat' dir='ltr'>in</span> <span class='ocrx_word' id='word_1_205' title='bbox 252 3289 344 3335; x_wconf 89' lang='lat' dir='ltr'>versu</span> <span class='ocrx_word' id='word_1_206' title='bbox 368 3271 410 3333; x_wconf 80' lang='lat'>24</span> <span class='ocrx_word' id='word_1_207' title='bbox 436 3242 533 3361; x_wconf 64' lang='lat' dir='ltr'>inpio</span> <span class='ocrx_word' id='word_1_208' title='bbox 551 3245 638 3348; x_wconf 58' lang='lat'>[5513</span> <span class='ocrx_word' id='word_1_209' title='bbox 662 3265 709 3333; x_wconf 91' lang='lat' dir='ltr'>cll.</span> <span class='ocrx_word' id='word_1_210' title='bbox 729 3270 779 3346; x_wconf 86' lang='grc'>10,</span> <span class='ocrx_word' id='word_1_211' title='bbox 806 3269 855 3333; x_wconf 82' lang='grc'>12.</span> <span class='ocrx_word' id='word_1_212' title='bbox 880 3267 984 3358; x_wconf 88' lang='lat' dir='ltr'>Atque</span> <span class='ocrx_word' id='word_1_213' title='bbox 1007 3264 1081 3333; x_wconf 93' lang='lat' dir='ltr'>illud</span> <span class='ocrx_word' id='word_1_214' title='bbox 1102 3267 1188 3356; x_wconf 58' lang='lat' dir='ltr'>lipsi}</span> 
     </span>
     <span class='ocr_line' id='line_1_27' title="bbox 193 3379 1187 3480; baseline 0.001 -32"><span class='ocrx_word' id='word_1_215' title='bbox 193 3389 337 3480; x_wconf 55' lang='grc' dir='ltr'>ῦᾞξξῼᾩ</span> <span class='ocrx_word' id='word_1_216' title='bbox 360 3383 401 3451; x_wconf 90' lang='lat' dir='ltr'>in</span> <span class='ocrx_word' id='word_1_217' title='bbox 436 3390 449 3448; x_wconf 88' lang='lat'>1</span> <span class='ocrx_word' id='word_1_218' title='bbox 478 3385 559 3454; x_wconf 82' lang='lat' dir='ltr'>Sem.</span> <span class='ocrx_word' id='word_1_219' title='bbox 591 3388 609 3450; x_wconf 84' lang='lat' dir='ltr'>b</span> <span class='ocrx_word' id='word_1_220' title='bbox 639 3381 818 3474; x_wconf 83' lang='lat' dir='ltr'>neutiquam</span> <span class='ocrx_word' id='word_1_221' title='bbox 849 3383 892 3451; x_wconf 86' lang='lat' dir='ltr'>ito</span> <span class='ocrx_word' id='word_1_222' title='bbox 921 3382 1056 3473; x_wconf 84' lang='lat' dir='ltr'>pertinet</span> <span class='ocrx_word' id='word_1_223' title='bbox 1085 3379 1122 3450; x_wconf 86' lang='lat' dir='ltr'>od</span> <span class='ocrx_word' id='word_1_224' title='bbox 1145 3380 1187 3462; x_wconf 89' lang='lat' dir='ltr'>id,</span> 
     </span>
     <span class='ocr_line' id='line_1_28' title="bbox 194 3496 1187 3593; baseline -0.003 -25"><span class='ocrx_word' id='word_1_225' title='bbox 194 3501 278 3592; x_wconf 92' lang='lat' dir='ltr'>quod</span> <span class='ocrx_word' id='word_1_226' title='bbox 291 3501 457 3592; x_wconf 86' lang='lat' dir='ltr'>praecedit,</span> <span class='ocrx_word' id='word_1_227' title='bbox 488 3496 587 3593; x_wconf 56' lang='lat' dir='ltr'>(qq-p,</span> <span class='ocrx_word' id='word_1_228' title='bbox 617 3508 653 3567; x_wconf 93' lang='lat' dir='ltr'>ut</span> <span class='ocrx_word' id='word_1_229' title='bbox 676 3521 854 3589; x_wconf 93' lang='lat' dir='ltr'>eos,quum</span> <span class='ocrx_word' id='word_1_230' title='bbox 878 3499 1027 3589; x_wconf 92' lang='lat' dir='ltr'>populum</span> <span class='ocrx_word' id='word_1_231' title='bbox 1050 3498 1187 3590; x_wconf 84' lang='lat' dir='ltr'>ulloque·</span> 
     </span>
    </p>
   </div>
   <div class='ocr_carea' id='block_1_11' title="bbox 83 3614 1218 3709">
    <p class='ocr_par' dir='ltr' id='par_1_11' title="bbox 83 3614 1218 3709">
     <span class='ocr_line' id='line_1_29' title="bbox 83 3614 1218 3709; baseline -0.008 -17"><span class='ocrx_word' id='word_1_232' title='bbox 83 3685 86 3692; x_wconf 93' lang='lat'><em>.</em></span> <span class='ocrx_word' id='word_1_233' title='bbox 192 3626 310 3697; x_wconf 89' lang='lat' dir='ltr'>rentur,</span> <span class='ocrx_word' id='word_1_234' title='bbox 335 3618 538 3709; x_wconf 87' lang='lat' dir='ltr'>processisse,</span> <span class='ocrx_word' id='word_1_235' title='bbox 568 3639 630 3683; x_wconf 96' lang='lat' dir='ltr'>non</span> <span class='ocrx_word' id='word_1_236' title='bbox 661 3615 839 3684; x_wconf 88' lang='lat' dir='ltr'>substitisse</span> <span class='ocrx_word' id='word_1_237' title='bbox 869 3614 1105 3684; x_wconf 83' lang='lat' dir='ltr'>existimandum</span> <span class='ocrx_word' id='word_1_238' title='bbox 1131 3614 1185 3685; x_wconf 92' lang='lat' dir='ltr'>sit:</span> <span class='ocrx_word' id='word_1_239' title='bbox 1216 3667 1218 3671; x_wconf 14' lang='lat' dir='ltr'>y</span> 
     </span>
    </p>
   </div>
   <div class='ocr_carea' id='block_1_12' title="bbox 191 3729 1185 3942">
    <p class='ocr_par' dir='ltr' id='par_1_12' title="bbox 191 3729 1185 3942">
     <span class='ocr_line' id='line_1_30' title="bbox 191 3729 1184 3825; baseline -0.002 -25"><span class='ocrx_word' id='word_1_240' title='bbox 191 3732 241 3802; x_wconf 83' lang='lat' dir='ltr'>ille</span> <span class='ocrx_word' id='word_1_241' title='bbox 264 3735 345 3801; x_wconf 93' lang='lat' dir='ltr'>enim</span> <span class='ocrx_word' id='word_1_242' title='bbox 369 3733 592 3825; x_wconf 83' lang='lat' dir='ltr'>prophetarum</span> <span class='ocrx_word' id='word_1_243' title='bbox 617 3729 794 3823; x_wconf 82' lang='lat' dir='ltr'>descriptio,</span> <span class='ocrx_word' id='word_1_244' title='bbox 824 3731 905 3800; x_wconf 92' lang='lat' dir='ltr'>inter</span> <span class='ocrx_word' id='word_1_245' title='bbox 929 3755 974 3811; x_wconf 85' lang='lat' dir='ltr'>en,</span> <span class='ocrx_word' id='word_1_246' title='bbox 999 3754 1078 3821; x_wconf 82' lang='lat' dir='ltr'>quse</span> <span class='ocrx_word' id='word_1_247' title='bbox 1103 3731 1184 3800; x_wconf 87' lang='lat' dir='ltr'>Sauli</span> 
     </span>
     <span class='ocr_line' id='line_1_31' title="bbox 192 3844 1185 3942; baseline -0.003 -24"><span class='ocrx_word' id='word_1_248' title='bbox 192 3859 338 3918; x_wconf 85' lang='lat' dir='ltr'>eventurn</span> <span class='ocrx_word' id='word_1_249' title='bbox 367 3844 437 3931; x_wconf 90' lang='lat' dir='ltr'>sint,</span> <span class='ocrx_word' id='word_1_250' title='bbox 468 3848 659 3942; x_wconf 83' lang='lat' dir='ltr'>interposita,</span> <span class='ocrx_word' id='word_1_251' title='bbox 682 3851 713 3917; x_wconf 93' lang='lat' dir='ltr'>in</span> <span class='ocrx_word' id='word_1_252' title='bbox 736 3848 907 3939; x_wconf 81' lang='lat' dir='ltr'>Porticipiis</span> <span class='ocrx_word' id='word_1_253' title='bbox 931 3858 1080 3926; x_wconf 81' lang='lat' dir='ltr'>versetur,</span> <span class='ocrx_word' id='word_1_254' title='bbox 1106 3870 1185 3938; x_wconf 83' lang='lat' dir='ltr'>quoe</span> 
     </span>
    </p>
   </div>
   <div class='ocr_carea' id='block_1_13' title="bbox 192 3963 1183 4125">
    <p class='ocr_par' dir='ltr' id='par_1_13' title="bbox 192 3963 1183 4125">
     <span class='ocr_line' id='line_1_32' title="bbox 192 3963 1183 4060; baseline -0.003 -25"><span class='ocrx_word' id='word_1_255' title='bbox 192 3978 319 4060; x_wconf 90' lang='lat' dir='ltr'>propter</span> <span class='ocrx_word' id='word_1_256' title='bbox 347 3972 359 4029; x_wconf 84' lang='grc'><strong>1</strong></span> <span class='ocrx_word' id='word_1_257' title='bbox 399 3966 567 4058; x_wconf 79' lang='lat' dir='ltr'>praefixum</span> <span class='ocrx_word' id='word_1_258' title='bbox 603 3989 729 4056; x_wconf 89' lang='lat' dir='ltr'>prorsus</span> <span class='ocrx_word' id='word_1_259' title='bbox 768 3989 830 4033; x_wconf 91' lang='lat' dir='ltr'>non</span> <span class='ocrx_word' id='word_1_260' title='bbox 870 3972 1008 4033; x_wconf 84' lang='lat' dir='ltr'>statuunt</span> <span class='ocrx_word' id='word_1_261' title='bbox 1046 3963 1183 4032; x_wconf 89' lang='lat' dir='ltr'>eiusdem</span> 
     </span>
     <span class='ocr_line' id='line_1_33' title="bbox 995 4072 1028 4125; baseline 0 -20"><span class='ocrx_word' id='word_1_262' title='bbox 995 4072 1028 4125; x_wconf 66' lang='lat'>2⁸</span> 
     </span>
    </p>
   </div>
   <div class='ocr_carea' id='block_1_14' title="bbox 0 0 1438 4710">
    <p class='ocr_par' dir='ltr' id='par_1_14' title="bbox 0 0 1438 4710">
     <span class='ocr_line' id='line_1_34' title="bbox 0 0 1438 4710; baseline 0 3"><span class='ocrx_word' id='word_1_263' title='bbox 0 0 1438 4710; x_wconf 95' lang='lat' dir='ltr'> </span> 
     </span>
    </p>
   </div>
  </div>
 </body>
</html>
