2866 4710
170 995 172 1000 ,
197 941 200 946 ’
288 861 393 1025 Quo
419 929 540 1022 parcius
557 930 587 997 in
606 929 765 1022 Scriptura
781 954 869 1001 sacra
885 930 924 1000 de
948 931 999 1011 113,Ι
1016 954 1093 1024 quas
1109 930 1225 1012 dicunt,

219 1045 444 1137 prophetarum
463 1046 577 1116 scholis
593 1046 706 1137 agitur,
731 1069 769 1114 eo
793 1046 984 1137 perfectiori,
1001 1056 1036 1116 ut
1053 1069 1163 1130 sanum
1187 1045 1227 1115 de

222 1159 259 1229 iis
283 1160 430 1230 iudicium
457 1161 651 1242 exhibeatur,
676 1160 801 1230 Codicis
825 1161 903 1232 sacri
929 1184 1025 1254 quum
1049 1162 1080 1232 in
1104 1163 1226 1233 univer·

183 1298 289 1348 :sum
312 1285 381 1345 tum
405 1279 442 1346 ad
473 1280 533 1346 vim
558 1279 771 1368 virtutemque
801 1275 886 1368 quod
910 1278 1019 1348 attinet
1041 1277 1224 1347 interiorem

219 1399 312 1486 atque
348 1395 514 1485 genuinam
547 1416 626 1485 opus
662 1401 709 1462 est
737 1393 928 1484 cognitione,
965 1418 1045 1486 quae
1079 1417 1120 1463 ex
1147 1395 1225 1473 loeis

216 1508 347 1599 singuiis
371 1520 439 1580 tum
462 1533 520 1603 per
545 1530 617 1578 sese
641 1507 670 1576 in
696 1517 799 1599 partes
828 1532 937 1579 omnes
967 1511 1129 1602 perpensis
1157 1521 1224 1580 tum

216 1622 255 1692 ad
270 1625 449 1717 scripturae
461 1623 568 1711 totius,
583 1644 662 1716 quae
680 1633 738 1705 est,
754 1625 926 1716 analogiam
938 1625 1044 1695 relatis
1054 1625 1224 1698 hauriatur.

168 1830 170 1836 ,
218 1741 306 1811 Haec
334 1739 386 1811 r'es
411 1741 591 1833 Scripturae
619 1763 726 1810 sacrae
754 1739 933 1832 inquirendi
963 1751 994 1811 et
1017 1741 1223 1833 investigandi

217 1859 297 1926 ratio
321 1881 385 1926 non
414 1859 516 1928 solum
539 1856 578 1928 ab
608 1856 645 1957 iis
675 1857 888 1939 omittebatur,
923 1860 977 1948 qui
1005 1859 1128 1928 soboles
1157 1857 1222 1928 illas

136 1966 139 1971 ⁴
216 1972 330 2044 autad
359 1997 453 2044 unam
479 1982 667 2065 potestatem
697 1970 814 2061 regiam
845 1972 1074 2065 reprimendam
1104 1984 1135 2043 et
1164 1974 1222 2043 oir-

217 2088 486 2184 cumscribendam
516 2090 670 2159 institutas
703 2110 772 2157 esse
808 2088 1039 2159 arbitrabantur
1069 2098 1122 2159 aut
1150 2089 1222 2157 reli·

217 2207 305 2298 quias
329 2205 560 2298 superstitionis
574 2227 776 2296 paganorum,
800 2188 1050 2274 vaticinationem
1065 2227 1123 2298 per
1138 2215 1222 2276 artes

215 2324 262 2392 vel
286 2345 337 2391 res
362 2319 882 2413 externascaptantium,·residuas
906 2320 936 2388 in
961 2320 996 2390 iis
1012 2321 1221 2414 permansisse
1322 2343 1329 2348 ·

215 2440 362 2520 sentiunt,
386 2438 442 2507 sed
468 2436 558 2506 etiam
582 2435 620 2505 ab
645 2435 692 2515 iis,
717 2436 769 2528 qui
800 2435 938 2528 quamvis
962 2438 1145 2530 prophetiae
1169 2462 1221 2506 ve·

214 2578 267 2624 rae
294 2554 397 2623 ideam
427 2562 469 2622 et.
486 2552 653 2644 imaginem
684 2552 791 2621 animo
824 2552 1079 2634 informaverint,
1114 2564 1218 2624 tamen
1348 2606 1351 2612 Α

215 2662 365 2762 temporis
382 2668 489 2760 ipsius,
505 2668 543 2737 ad
561 2668 646 2760 quod
671 2691 723 2738 eas
746 2667 904 2759 pertinere
927 2669 1048 2749 volunt,
1065 2695 1127 2738 non
1145 2672 1220 2739 satis

214 2785 385 2879 perspectis
420 2792 502 2854 statu
538 2793 632 2874 atque
667 2782 849 2853 conditione
880 2785 963 2854 viros
991 2786 1062 2854 illos
1091 2808 1217 2877 operam

214 2901 339 2972 dedisse
368 2910 490 2994 ponunt
517 2923 605 2969 mero
636 2899 808 2970 litterarum
844 2909 898 2969 aut
933 2899 1217 2992 philosophicarum

213 3028 267 3088 aut
288 3016 538 3108 theologicarum
555 3016 641 3096 ludo,
666 3040 761 3108 quem
774 3015 934 3087 nominant
950 3016 997 3083 vel
1019 3038 1112 3084 sensu
1129 3015 1217 3093 stric-

213 3127 285 3203 tiori
318 3134 439 3203 scholas
477 3132 524 3199 vei
563 3131 746 3201 academias.
792 3133 899 3223 Atque
933 3131 991 3200 hac
1024 3140 1125 3201 aetate
1160 3131 1216 3201 etsi

215 3249 300 3342 quod
326 3249 365 3321 sit
388 3272 498 3318 causae
522 3258 616 3341 caput
639 3247 678 3317 ab
707 3246 932 3340 interpretibus
962 3247 1117 3317 nonnuliis
1149 3269 1216 3315 ree·

214 3367 275 3437 tius
299 3365 481 3433 denotatum
506 3374 564 3445 est,
594 3374 698 3433 tamen
720 3362 882 3434 sententiis
906 3385 1016 3432 eorum
1041 3363 1217 3432 etiamnunc

211 3487 453 3552 inveteratorum
489 3481 672 3570 opinionum
708 3478 854 3548 salsarum
889 3477 1017 3569 vestigia
1046 3478 1215 3549 adbaerent

212 3623 248 3670 ac
272 3598 311 3667 de
334 3595 427 3663 rebus
451 3594 593 3687 piurimis
614 3603 742 3674 restant,
767 3579 847 3686 quae
870 3597 933 3663 sint
954 3605 1008 3664 aut
1031 3594 1215 3686 corrigenda

210 3726 264 3785 aut
288 3711 451 3782 enodatius
475 3709 675 3802 designanda.
703 3710 792 3778 Unde
808 3735 870 3781 non
897 3710 1014 3801 pigebit
1038 3699 1113 3791 ilias,
1138 3734 1214 3802 quas

210 3832 327 3910 dicunt,
351 3825 575 3920 prophetarum
600 3826 731 3908 achaias,
757 3848 837 3917 quae
861 3850 957 3918 quum
981 3826 1082 3917 primo
1101 3827 1213 3895 obtutu

490 3937 492 3942 ·
1061 3936 1069 3986 1
