2866 4710
636 245 793 346 *dd—

213 417 291 490 ulius
316 419 362 487 rel
387 441 450 488 non
466 417 592 488 adhibet
615 423 662 489 vel
686 444 758 492 raro
775 421 917 502 adbibet3
941 421 978 492 ad
993 444 1061 490 rem
1077 421 1213 514 priorem

214 537 299 630 quod
323 535 441 616 attinet,
467 536 551 627 quod
575 538 658 629 apud
674 539 842 630 scriptores
865 538 1004 608 diversos
1020 539 1213 621 observatur,

213 652 295 721 idem
320 652 358 720 de
383 650 512 722 diversis
536 654 689 725 aetatibus
714 664 745 723 et
768 655 898 726 saeculis
929 655 1093 725 dicendum
1116 654 1213 725 redit:

114 793 117 796 “
214 771 330 862 quippe
359 767 456 838 libros
486 770 607 861 Regum
638 781 711 863 post
733 772 885 842 Joiacbini
914 773 997 866 regis
1027 795 1066 842 ex
1086 759 1212 843 carcere

212 885 439 964 liberationem,
473 885 491 953 i.
529 909 555 955 e.
586 896 657 978 post
686 912 799 958 annum
830 889 988 962 servitutis
1011 889 1214 982 babylonicae

215 1001 486 1095 quadragesimum
518 1014 662 1095 quartum
686 1009 879 1098 compositos
899 1029 972 1077 ,esse
1000 1029 1128 1077 necesse
1144 1001 1214 1089 est,

218 1120 382 1189 Samuelis
396 1142 469 1189 vero
495 1119 567 1189 libri
591 1146 654 1190 non
678 1124 775 1191 multo
802 1132 873 1214 post
883 1122 1038 1200 Davidem
1054 1131 1213 1193 mortuum

215 1234 382 1326 conscripti
400 1236 518 1327 sunt*):
542 1248 637 1330 atque
661 1239 740 1310 intra
764 1240 885 1310 saecula
913 1241 978 1309 lere
994 1240 1052 1310 tria
1068 1239 1135 1309 lieri
1158 1264 1214 1332 po·

211 1351 310 1422 tuisse
326 1374 417 1419 nemo
436 1376 499 1421 non
517 1356 683 1436 concedet,
705 1343 750 1438 ut',
775 1356 923 1448 quiante
947 1357 977 1425 id
1000 1367 1135 1449 tempus,
1158 1357 1214 1426 tal·

212 1469 276 1537 ium
306 1468 491 1538 societatum
515 1472 691 1572 participes,
714 1473 932 1544 tantummodo
962 1473 1119 1544 communi
1142 1497 1213 1566 pro·

212 1586 377 1677 phetarum
414 1585 629 1677 designatione
663 1591 807 1682 appellati
836 1600 954 1671 essent,
984 1593 1022 1660 ‘in
1053 1590 1214 1660 hominum

211 1702 319 1781 oribus
342 1702 499 1794 paullatim
524 1716 555 1794 et
578 1706 726 1798 singulari
759 1706 891 1799 quadam
920 1706 1145 1798 significatione
1169 1707 1214 1777 in·
1242 1703 1244 1708 ’

212 1826 420 1918 signirentur3
443 1821 505 1890 hoc
529 1823 557 1891 in
582 1847 697 1917 genere
727 1825 915 1894 conterenda
946 1832 992 1893 est
1021 1823 1070 1892 illa
1098 1823 1214 1915 signifi-

211 1942 340 2013 cationis
355 1939 538 2020 immutatio,
562 1964 641 2032 quae
666 1941 802 2011 occurrit
825 1941 854 2008 in
882 1945 897 2006 l
926 1941 1007 2010 Sam.
1033 1945 1063 2022 9,
1089 1945 1124 2021 93
1149 1940 1213 2021 ubi,

212 2060 267 2151 qui
303 2060 460 2151 quondam
492 2056 564 2126 dicti
596 2059 657 2128 sint
687 2053 780 2142 nutu,
808 2080 862 2126 eos
902 2066 1011 2149 postea
1044 2056 1214 2148 appellatos

213 2198 282 2245 esse
306 2175 437 2268 legimus
465 2180 589 2270 ῦᾞᾭξτ
618 2199 805 2267 quamquam
830 2183 861 2242 et
884 2172 1037 2243 aetatibus
1060 2174 1214 2264 posterio-

211 2291 299 2362 ribus
323 2291 508 2383 significatio
526 2291 619 2382 'prior
653 2315 715 2371 non
747 2313 878 2384 prorsus
902 2289 1015 2388 abolita
1040 2297 1102 2369 est,
1133 2313 1161 2356 v.
1187 2312 1212 2355 e.

213 2432 239 2476 c.
263 2410 334 2477 Am.
359 2412 389 2490 7,
415 2413 465 2478 12.
494 2412 533 2476 13
557 2410 605 2478 cll.
637 2431 728 2478 versu
760 2411 816 2486 14;
856 2406 967 2475 eodem
997 2406 1092 2476 modo
1123 2405 1213 2474 etad

214 2524 377 2594 societates
403 2525 625 2618 prophetarum
651 2524 735 2615 quod
752 2523 871 2603 attinet,
895 2546 951 2614 per
968 2523 1213 2614 designationem

211 2646 411 2736 nlttDpJ'lq'pl
427 2665 489 2711 non
514 2641 663 2732 abrogata
688 2649 735 2709 est
758 2638 931 2731 designatio
947 2638 996 2709 illa
1012 2641 1143 2731 simplex
1161 2639 1214 2708 Sa·

212 2759 323 2829 muelis
347 2767 447 2829 aetate
469 2757 598 2851 usitata:
624 2757 654 2825 id
669 2736 764 2847 ‘quod
788 2779 827 2858 en
851 2755 887 2825 iis
910 2757 987 2826 locis
1010 2765 1105 2848 patet,
1135 2780 1214 2849 quos

213 2899 307 2967 supra
332 2877 373 2967 (p,
399 2877 453 2965 30)
479 2873 687 2965 allegavimus.
780 2915 782 2920 π

276 2993 279 2997 ’
303 2993 393 3075 Quae
417 3014 518 3084 quum,
543 2993 585 3059 ita
616 2967 693 3071 sint,
732 2987 887 3082 siquidem
918 2988 1081 3080 utriusque
1108 2986 1215 3057 aetatis

213 3108 378 3178 societates
402 3108 485 3177 inter
509 3129 588 3198 quae
612 3106 785 3176 differentia
816 3097 910 3174 luerit
939 3103 1133 3173 edocendum
1158 3112 1215 3186 est,

212 3247 275 3292 non
300 3224 357 3294 aba
380 3223 514 3315 proponi
539 3233 760 3318 potestatque
785 3247 831 3303 ea,
856 3245 935 3314 quae
960 3230 1007 3291 est
1028 3223 1111 3289 inter
1135 3220 1215 3290 eius·
1306 3213 1307 3216 ¹

213 3339 285 3408 dem
309 3324 426 3431 patriae
451 3340 616 3422 exercitus,
642 3341 755 3432 quibus
787 3339 981 3431 temporibus
1004 3338 1095 3407 variis
1119 3348 1150 3407 et
1165 3361 1215 3408 va·

213 3454 267 3525 riis
284 3454 314 3523 in
331 3457 408 3525 locis
426 3455 536 3543 hostis,
560 3458 611 3526 hlc
625 3457 688 3526 illic
718 3456 874 3535 irruentis,
905 3454 1038 3545 impetus
1062 3455 1215 3524 sustinen-

214 3570 271 3641 dus
296 3581 343 3642 est
360 3581 422 3641 tam
439 3572 616 3656 vehemens,
641 3583 676 3643 ut
691 3574 739 3644 alii
757 3597 819 3651 non
836 3573 926 3643 liceat
948 3573 1045 3642 aciem
1061 3571 1215 3641 instruere

212 3687 424 3758 remissiorem
449 3713 544 3783 quum
569 3691 647 3770 alius
665 3693 763 3760 series
781 3714 851 3760 suas
864 3690 965 3761 acrius
985 3688 1141 3780 expediat:
1160 3689 1215 3759 sed

283 3943 307 4008 ⁸>
325 3941 364 3996 cr.
384 3920 671 4015 desecabantur,
692 3943 704 3994 1
725 3919 831 4018 psus
