2866 4710
609 261 775 364 Α,

190 443 338 528 quaverat
360 434 390 503 id
415 443 554 527 tempus,
585 460 648 529 quo
671 436 744 505 nihii
770 437 931 519 obstabat,
961 439 1128 531 quominus
1157 447 1188 507 et

190 574 247 644 pro
272 551 352 622 iltius
377 552 599 643 prophetarum
611 553 771 636 ubertatis,
795 555 832 625 ad
853 555 958 626 salutis
977 554 1188 624 conditionem

190 667 375 749 revocantis,
398 667 496 758 gratia
519 668 620 740 divina
645 673 714 740 exin
739 672 964 742 maledictionis
988 696 1057 741 cum
1081 670 1187 765 popuii

190 785 370 875 degenerati
405 787 664 856 exterminatione
699 788 786 879 signa
822 786 1070 857 immitterentur,
1116 788 1189 856 Hoc

188 911 311 993 tempus
335 901 500 992 insignitur
522 903 648 972 Hoseae
672 912 703 971 et
725 905 837 974 Amosi
860 903 1019 985 vaticiniis,
1054 927 1187 996 quorum

190 1017 262 1086 nihii
287 1027 334 1087 est
358 1017 415 1086 nisi
438 1018 580 1088 meritam
604 1042 736 1111 poenam
760 1019 880 1090 iamiam
900 1021 992 1090 fixam
1018 1030 1112 1114 atque
1129 1029 1188 1090 stu·

188 1142 286 1204 tutam
315 1133 512 1216 annuntiare,
537 1135 635 1206 minas
664 1146 758 1228 atque
781 1136 863 1206 diras
887 1160 1108 1229 prorumpere,
1142 1138 1189 1204 in-

187 1253 325 1330 teritum,
351 1251 544 1320 eversionem
567 1252 667 1343 regni,
692 1253 834 1324 exsilium
855 1254 1068 1345 promulgare:
1094 1261 1189 1343 atque

190 1389 242 1446 ea,
281 1367 586 1460 quae'prnedicitur,
624 1369 781 1439 restitutio
812 1392 875 1438 non
900 1371 959 1439 iam
994 1368 1138 1462 pertinet¹
1151 1368 1189 1438 ad

189 1492 313 1574 tempus
328 1482 525 1575 proximum,
560 1484 615 1552 sed
639 1485 731 1555 adid
755 1494 890 1577 tempus,
916 1510 978 1576 quo
1009 1485 1193 1576 Hierosoly-

188 1599 247 1669 mis
272 1622 400 1692 quoque
424 1599 533 1669 deletis
558 1609 589 1669 et
613 1600 747 1672 iustitiae
764 1601 885 1671 divinae
901 1602 1051 1695 supplicio
1073 1600 1191 1672 affectis

190 1717 241 1805 (cs.
270 1717 341 1785 Am.
372 1723 402 1797 2,
432 1720 463 1785 4.
493 1721 528 1796 5;
564 1720 594 1799 6,
628 1719 657 1799 1)
694 1718 774 1788 duda
809 1743 870 1789 una
906 1742 975 1788 cum
1010 1717 1191 1808 Ephraimo,

191 1835 292 1902 Deum
316 1856 418 1914 suum,
435 1846 529 1924 quem
553 1833 760 1916 deseruerint,
785 1845 982 1928 quaerentes,
1000 1834 1136 1904 unanimi
1160 1844 1191 1904 et

189 1951 361 2021 concordes
390 1954 547 2022 reversuri
580 1951 641 2022 sint
670 1952 708 2021 ad
737 1950 886 2021 Davidem
915 1975 1007 2021 suum
1043 1960 1136 2042 atque
1160 1949 1191 2019 in

189 2089 321 2157 regnum
346 2067 411 2137 eius
434 2068 646 2149 ethnicorum,
670 2066 708 2137 ad
730 2067 879 2159 populum
897 2068 957 2136 Dei
985 2053 1192 2160 pergentium,

188 2185 354 2254 multitudo
390 2207 460 2253 cum
488 2183 602 2275 gaudio
634 2183 800 2253 introitura
822 2185 878 2265 sit,
911 2183 964 2265 „in
994 2184 1193 2254 extremitate

189 2301 361 2391 dierum*)“
385 2301 479 2390 (uos.
498 2304 528 2383 a,
546 2303 575 2368 5.
594 2340 635 2350 -
652 2301 731 2370 Hos.
749 2303 780 2382 o,
800 2303 899 2378 1-4;
924 2303 955 2382 a,
974 2305 1002 2368 1.
1020 2304 1056 2380 2;
1072 2282 1143 2369 Aa.
1161 2303 1191 2382 a,

193 2423 242 2486 11.
279 2419 343 2509 12).
395 2418 444 2485 Ex
466 2417 564 2486 -hisce
600 2426 685 2510 patet
718 2418 845 2498 Amasi,
880 2415 1018 2505 aequatis
1052 2417 1191 2497 Hosene,

134 2536 136 2541 ’
190 2543 291 2604 aetate
315 2557 378 2604 non
410 2532 541 2625 amplius
565 2534 661 2603 inisse
692 2533 722 2601 id
757 2545 891 2624 tempus,
926 2555 990 2626 quo
1019 2529 1193 2610 clementia,

190 2649 390 2742 benignitate,
424 2649 522 2741 gratia
552 2649 654 2720 divina
680 2650 738 2720 iste
762 2651 897 2742 populus
915 2644 1109 2718 ‘contemtim
1133 2646 1192 2714 [rui

190 2775 350 2858 pergeret:
386 2765 603 2837 intercesserat
631 2767 661 2835 id
695 2766 846 2860 spatium,
876 2788 941 2856 quo
977 2787 1064 2845 eum,
1094 2789 1112 2834 a
1140 2764 1193 2831 Je-

188 2883 269 2952 hovn
301 2881 469 2964 reiectum,
505 2883 654 2974 supplicia
688 2882 798 2952 merita
827 2881 1010 2952 manebant:
1048 2880 1086 2950 ad
1116 2878 1194 2948 haec

190 2997 351 3067 indicanda
382 3021 445 3066 noo
476 3021 555 3089 opus
584 3008 650 3068 erat
679 2999 736 3068 iilis
761 2996 973 3077 societatibus,
1009 3017 1090 3088 quae
1121 3003 1192 3064 eum

191 3113 220 3182 in
245 3117 338 3182 tinem
363 3114 554 3203 compositae
579 3123 676 3193 erant,
701 3124 735 3183 ut
758 3114 897 3206 singulos
915 3113 1035 3183 animos
1059 3109 1193 3180 rebelles
1250 3119 1254 3126 '

190 3229 344 3311 docendo,
377 3230 587 3312 adhortando,
617 3231 834 3323 persuadendo
864 3230 903 3300 ad
932 3230 1082 3298 dehoram
1117 3251 1193 3296 con·

191 3356 347 3417 vertentes
372 3347 521 3439 supplicia
543 3348 595 3418 illa
611 3356 803 3418 averterent:
826 3346 876 3427 iis,
901 3345 1008 3437 quiin
1031 3353 1193 3436 posterum

191 3476 246 3553 p'er
261 3462 328 3554 ipsa
344 3462 493 3555 supplicia
510 3464 642 3533 docendi
668 3474 754 3534 erunt
777 3473 869 3557 atque
891 3460 1109 3554 persuadendi,
1138 3485 1194 3529 vo-

190 3579 340 3649 luntatem
364 3580 502 3650 Jehovae
534 3603 589 3671 per
621 3590 704 3651 vates
728 3603 845 3672 paucos
868 3581 971 3650 verbis
995 3577 1193 3649 annuntiasse

260 3774 284 3836 ‘)
301 3774 340 3826 De
358 3775 407 3827 hac
432 3773 592 3838 definitione,
615 3773 724 3826 Massiua
744 3781 862 3841 tempora
886 3771 1017 3825 indicante
1036 3769 1098 3833 (ter.
1117 3766 1144 3835 2,
1162 3765 1193 3832 23

192 3861 267 3917 uren.
286 3862 313 3929 4,
333 3865 361 3927 1;
379 3862 446 3916 Dan.
461 3858 501 3929 10,
527 3858 817 3928 143-1tum.2t,14>
835 3861 869 3914 ct.
888 3859 1096 3929 flangstenbarg,
1115 3857 1192 3914 ctri-

191 3956 250 4008 stol.
269 3954 280 4007 1
299 3972 324 4028 p.
343 3950 403 4035 3²⁸:
