2866 4710
705 191 744 254 51

228 362 381 454 quidem*)
407 388 470 434 non
495 365 561 435 sine
584 364 661 436 recti
685 387 777 434 sensu
810 374 894 436 certe
922 366 996 436 illud
1011 347 1223 464 nthpdioiizt

226 480 264 548 ad
286 489 410 573 tempus
434 482 636 573 praeteritum
661 481 805 562 remittit;
828 491 860 551 at
881 483 961 553 hanc
979 484 1222 569 enuntiationem

132 692 141 697 Μ
225 599 440 668 tantummodo
476 604 662 688 epeoepettoe
698 596 822 689 adiungi
857 598 896 666 ad
923 597 999 668 illud
1027 599 1100 693 ‘³³²5
1130 599 1221 686 ipis.

224 737 286 805 quo
319 715 444 806 quidem
475 738 587 784 munus
620 716 810 806 exprimatur
837 712 947 783 Amosi
971 718 1146 808 proprium,
1182 743 1221 789 ex

140 876 145 889 ·
224 852 262 897 eo
287 838 380 921 patet,
405 832 490 922 quod
514 855 605 902 versu
621 829 795 923 insequenti
817 816 879 898 h‘oc
894 853 989 902 unum
1008 832 1220 925 excipitur**);

224 948 431 1038 quomobrem
466 955 533 1016 tota
564 947 611 1015 illa
648 946 818 1017 enuntiatio
849 950 883 1010 'n
907 923 996 1031 nitar
1026 948 1098 1041 ³er
1119 945 1218 1034 frma,

225 1064 339 1155 quippe
364 1086 442 1155 quae
465 1071 611 1155 tanquam
637 1088 696 1133 una
719 1064 770 1146 sit,
799 1064 950 1155 temporis
974 1073 1021 1134 est
1045 1067 1217 1155 praeteriti:

222 1189 315 1271 atque
337 1180 414 1251 haec
437 1179 462 1248 si
487 1180 553 1248 eius
576 1179 726 1272 temporis
751 1188 807 1260 est,
832 1188 862 1248 et
884 1196 997 1252 munus
1020 1182 1216 1252 hemistichio

221 1296 318 1387 priori
342 1294 534 1387 insignitum,
571 1296 655 1386 quod
684 1295 852 1387 opponitur
882 1297 1007 1366 alterius
1033 1298 1218 1369 hemistichii

222 1413 358 1493 muneri,
393 1412 431 1482 ad
460 1420 584 1502 tempus
613 1411 694 1480 idem
722 1436 785 1480 non
819 1421 924 1503 potest
952 1437 1014 1482 non
1050 1415 1215 1505 pertinere.

222 1529 312 1612 Quae
339 1527 401 1596 hoc
430 1527 524 1596 modo
544 1550 578 1597 se
602 1528 748 1609 offerunt,
779 1528 1002 1612 confirmantur
1027 1552 1061 1600 ea
1086 1531 1216 1621 explica·

218 1646 320 1724 tione,
355 1668 447 1738 quam
477 1643 542 1713 eius
573 1667 679 1713 versus
709 1644 811 1714 verbis
841 1653 876 1713 ut
903 1644 1037 1714 subdant
1061 1656 1216 1738 coguntur

219 1760 248 1841 ii,
273 1763 328 1852 qui
356 1761 440 1831 vocis
464 1768 496 1859 t}
519 1763 626 1831 sensui
650 1761 782 1849 figurato
814 1758 950 1830 faventes
979 1769 1102 1854 tempus
1127 1787 1215 1854 prae-

220 1900 292 1946 sens
322 1877 360 1946 iis
396 1878 546 1948 contineri
579 1863 730 1956 sentiunt;
765 1899 835 1946 nam
865 1901 961 1970 quum
991 1879 1117 1947 omnino
1142 1903 1214 1970 pro-

217 1993 344 2082 phetam
373 2017 407 2062 se
441 2018 510 2064 esse
533 2015 647 2085 negare
682 2016 744 2061 non
779 2002 889 2084 posset>
914 1994 1031 2080 Amos,
1067 1996 1213 2086 quoniam

216 2110 279 2179 suis
327 2110 392 2203 ipse
438 2107 541 2179 ve'rhis
577 2109 793 2178 confirmasset
834 2110 978 2180 Amasiae
992 2181 998 2191 ‚
1016 2112 1212 2193 sententiam,

217 2226 269 2318 qui
304 2226 466 2296 seditionis
498 2249 569 2294 eum
598 2228 680 2317 apud
710 2249 817 2318 regem
842 2226 1113 2320 incusaverat‘**):
1150 2227 1212 2318 pri-

214 2365 298 2411 mum
311 2357 420 2412 uocem
436 2347 523 2435 Νᾯξ,
540 2341 707 2436 antistitem
730 2344 914 2412 societatum
931 2344 1154 2435 prophetarum
1172 2367 1211 2413 ex

215 2482 263 2540 eo,
283 2458 369 2548 quod
390 2458 577 2550 insequitur,
596 2463 724 2553 turn}
744 2458 893 2540 eruendo,
923 2458 975 2528 tali
999 2458 1210 2559 circumscrip-

213 2577 299 2644 tione
322 2575 471 2656 aificiunt,
496 2576 617 2667 qualem
645 2599 721 2645 usus
749 2574 871 2666 linguae
893 2574 990 2644 totius
1021 2574 1210 2646 Testamenti

213 2691 336 2761 Veteris
376 2691 531 2761 destituit:
567 2685 678 2759 deinde
708 2715 803 2783 quum
837 2693 945 2762 Amos.
962 2690 1118 2783 ipsissimo
1157 2692 1209 2759 Je-

213 2806 312 2877 hovae
339 2807 474 2899 impulsu
500 2808 541 2877 ad
565 2807 790 2878 vaticinandum
818 2830 852 2877 se
875 2809 1017 2878 adactum
1042 2830 1110 2878 esse
1136 2830 1208 2898 pro·

213 3006 278 3067 ἄλλ’
297 3011 314 3084 ἢ
332 3008 456 3083 αἰπόλος
473 3011 548 3087 ἤμην
560 3043 591 3055 ·-
608 3014 660 3070 xci
682 3009 806 3086 ἀνέλαβε
827 3031 866 3086 με
883 3008 984 3093 κύριος
1006 3007 1038 3070 ἐκ
1061 3005 1117 3068 τῶν
1133 3029 1207 3087 προ-

211 3097 314 3166 βάτων.
343 3105 429 3158 March
453 3114 537 3159 autem
562 3107 605 3170 (ad
629 3108 653 3159 h.
678 3105 722 3172 h),
750 3108 797 3159 etsi
816 3105 973 3174 imperfecto
991 3105 1080 3158 favere
1098 3104 1209 3169 videtur,

212 3195 278 3245 intra
295 3193 423 3247 Praesens
443 3204 468 3247 et
486 3194 668 3271 Imperfectum
686 3194 791 3248 fluctuat
813 3212 870 3248 cum
887 3195 1054 3262 Hieronymo,
1076 3208 1208 3262 gramme·

212 3285 279 3337 tione
298 3285 405 3337 rationis
424 3285 487 3338 nihil
506 3293 652 3352 respectum
670 3285 777 3339 hebens.
851 3314 857 3362 1

281 3389 515 3460 hhopsth
834 3438 839 3449 ,

280 3499 315 3563 “)
335 3497 374 3552 Gi.
393 3499 601 3568 hengstenberg,
620 3496 740 3551 christol.
759 3496 780 3564 1,
797 3514 822 3565 p.
842 3492 894 3548 404
912 3495 989 3549 infra.

281 3607 328 3670 m)
347 3607 419 3672 Quae
437 3615 490 3660 tota
509 3609 549 3659 rei
568 3607 682 3659 conditio
705 3606 789 3658 reiicit
813 3613 839 3657 et
856 3603 964 3657 hierckii
982 3601 1141 3669 opinionem,
1163 3600 1205 3668 qui

212 3716 270 3752 cum
289 3699 448 3765 Hieronymo
467 3697 530 3750 illud
549 3671 600 3764 td),
620 3698 651 3750 ad
671 3704 771 3763 tempus
786 3691 1043 3763 praemandatum,
1060 3688 1208 3742 humilitatis

212 3798 239 3841 et
257 3789 400 3841 modestiae
419 3802 478 3838 esse
499 3787 640 3850 existimem
660 3794 686 3837 et
704 3785 832 3838 humilitas
849 3783 969 3852 proiecto
987 3781 1061 3845 false,
1079 3794 1145 3848 quae
1163 3778 1207 3829 in-

211 3880 303 3935 dueret
321 3878 488 3950 splendorem
507 3894 555 3946 per
567 3877 668 3947 gratiae
681 3884 706 3935 et
719 3875 857 3935 voluntatis
870 3873 973 3927 divinae
986 3869 1203 3926 obscurationem!

1014 3957 1047 4020 4.
