2866 4710
643 231 797 334 „ffi-

220 402 317 473 losam
345 403 501 475 turbinem
536 405 704 488 internam,
739 431 795 498 per
825 407 909 499 impii
938 411 1021 502 regis
1056 409 1220 505 imperium

220 528 290 596 exin
314 529 535 603 continuatam,
560 547 599 591 ne
623 523 719 592 verbo
746 523 870 616 quidem
895 527 997 617 attigit
1020 529 1099 596 Keil.
1146 533 1220 600 Pos-

218 654 319 714 tremo
342 647 374 714 in
399 641 551 715 Samuelis
574 650 674 709 aetate
698 640 891 731 depingenda
920 641 1010 712 nimis
1033 645 1160 736 respicit
1182 648 1221 716 ad

218 772 341 852 tempus
365 762 413 842 id,
444 784 507 853 quo
537 781 610 827 num
641 757 709 824 illae
732 758 910 834 societates,
937 768 971 826 ut
993 761 1141 831 alebova
1166 785 1220 832 ex·

219 879 398 956 citarentur,
434 878 492 946 iam
523 898 603 967 opus
634 874 727 942 luerit
751 874 956 944 coniectando
993 876 1114 968 opinari
1150 880 1219 971 quis

218 1002 331 1086 potest,
355 1017 413 1086 pro
439 1004 525 1061 certo
549 999 686 1061 statuere
710 1015 773 1058 non
790 1000 909 1083 potest:
933 991 965 1060 id
981 994 1063 1061 enim
1078 1002 1218 1087 tempus,

169 1121 172 1126 ’
218 1134 281 1202 quo
307 1113 440 1201 primum
465 1132 520 1178 eae
543 1118 839 1185 commemorantur,
864 1131 976 1201 nempe.
999 1133 1061 1201 quo
1085 1112 1142 1179 ¹ren
1166 1112 1218 1182 lla-

216 1226 341 1317 gitatur,
365 1250 422 1294 rex
446 1225 600 1317 llagitatus
623 1235 734 1316 regnat
757 1234 788 1293 et
812 1224 974 1318 imperium
999 1238 1138 1319 usurpat,
1163 1253 1217 1297 no·

216 1345 257 1411 tis
286 1343 475 1433 gravissimis
511 1352 542 1411 et
571 1340 778 1431 singularibus
814 1341 994 1432 insignitum
1031 1343 1218 1434 disiungitur

216 1456 254 1528 ab
279 1481 341 1552 eo,
362 1460 446 1550 quod
472 1458 572 1551 capite
596 1453 728 1549 septimo
754 1468 785 1526 et
809 1457 965 1548 prioribus
989 1458 1140 1550 capitibus
1165 1460 1218 1548 de·

215 1574 371 1645 scribitur.
418 1578 512 1645 Juxta
544 1597 580 1644 ea
609 1583 729 1654 autem,
764 1576 897 1665 quaein
929 1575 1028 1666 primo
1059 1599 1217 1649 commen·

215 1689 341 1759 tationis
370 1693 469 1783 capite
500 1691 713 1769 disseruimus,
750 1715 938 1784 quamquam
967 1692 1057 1762 nobis
1089 1717 1217 1788 quoque

215 1806 301 1875 Eliae
325 1816 355 1874 et
379 1806 491 1876 Elisaei
515 1806 623 1875 aetatis
647 1831 717 1876 cum
742 1808 973 1878 difficultatibus
998 1808 1216 1900 impedimenta

214 1923 342 2012 grandia
366 1948 427 1992 uon
452 1932 596 1992 constare
620 1946 683 1991 non
708 1935 855 2015 possunt:
879 1935 982 1994 tamen
1007 1936 1037 1994 et
1061 1936 1145 1996 aetas
1170 1950 1215 2010 ea,

95 2101 97 2104 .
216 2063 275 2130 qua
301 2039 358 2109 illis
385 2041 473 2131 primi
498 2039 569 2106 libri
594 2039 745 2109 Samuelis
775 2041 1074 2130 societatibusznon
1095 2043 1217 2128 >aderat

217 2156 358 2239 civitatis,
384 2157 463 2226 circa
498 2155 603 2247 templi
639 2159 719 2226 sacri
743 2157 921 2233 fulcimenta
956 2181 1042 2228 saera
1076 2159 1215 2251 stipatae,

214 2252 387 2358 subsidium
411 2273 643 2353 validissimum,
668 2273 900 2365 qualeAchabo
924 2254 998 2366 rege
1023 2277 1091 2367 (per
1115 2277 1214 2370 ipsum

213 2388 564 2477 regnumludacorum,
588 2391 728 2460 lehovae
753 2415 824 2460 sese
848 2390 999 2482 praebens
1024 2392 1144 2483 lidum),
1164 2417 1215 2462 so·

213 2502 375 2572 cietatibus
391 2506 615 2597 prophetarum
630 2510 661 2577 in
679 2531 777 2599 regno
802 2507 910 2576 decem
929 2507 1066 2595 tribuum
1090 2497 1215 2579 auxilia·

213 2620 314 2700 batur,
338 2622 393 2689 sed
418 2634 524 2693 contra
547 2633 645 2693 totam
668 2634 794 2716 gentem
825 2625 907 2694 acies
931 2635 997 2694 erat
1018 2625 1214 2714 instruendas

214 2758 259 2817 ea,
289 2736 426 2829 inquam,
451 2748 534 2809 aetas
564 2764 631 2815 non
659 2741 760 2811 miuus
792 2750 857 2810 erat
884 2741 927 2811 ita
957 2750 1144 2834 comparata,
1180 2753 1215 2813 ut

213 2852 251 2922 ad
285 2854 423 2923 lehovae
458 2865 622 2948 praecepta
659 2867 690 2926 et
723 2852 914 2929 voluntatem
950 2859 1148 2949 exsequenda
1184 2869 1214 2930 et

213 2969 350 3062 ipsorum
375 2981 458 3054 esset
481 2972 561 3042 vires
585 2996 657 3043 suas
680 2976 770 3043 unire
798 2977 1018 3048 coniunctione
1044 2984 1107 3044 tam
1131 2976 1214 3047 intus

212 3110 305 3176 quam
329 3090 521 3159 extrinsecus
535 3089 724 3160 arctissima.
754 3092 850 3174 Quod
874 3101 977 3161 autem
993 3101 1103 3161 auctor
1118 3093 1214 3163 libro·

211 3227 281 3271 rum
312 3204 465 3274 Samuelis
500 3205 594 3274 nihilo
631 3208 733 3276 secius
768 3231 830 3276 non
867 3207 963 3277 utitur
1000 3208 1214 3300 designatione

210 3325 423 3414 atrebatum
447 3322 576 3398 invicem
601 3324 752 3392 librorum
778 3327 897 3416 Regum
921 3334 1042 3402 auctor,
1066 3325 1120 3394 ubi
1140 3350 1213 3418 pro-

212 3436 374 3526 phetarum
403 3438 568 3509 societates
592 3450 761 3519 memorat,
793 3464 855 3508 non
881 3440 975 3510 babet
997 3464 1105 3510 vocem
1132 3422 1213 3513 illam

212 3552 251 3619 de
274 3554 498 3646 prophetarum
522 3556 723 3627 societatibus
748 3559 844 3638 semel
869 3557 1086 3648 obviamssrtl,
1116 3560 1145 3628 id
1174 3559 1213 3630 ad

211 3692 277 3737 rem
300 3671 509 3761 posteriorem
534 3673 619 3764 quod
643 3673 753 3743 attinet
777 3698 832 3765 per
855 3674 1007 3769 diversam
1024 3677 1212 3769 scriptorum

211 3785 404 3856 diversorum
428 3789 584 3856 scribendi
599 3790 761 3860 rationem
786 3791 851 3859 fieri
878 3792 989 3885 potuit,
1015 3817 1111 3884 quum
1135 3794 1212 3864 alius

211 3901 346 3993 scriptor
370 3903 597 3974 enuntiationes
627 3915 658 3975 et
681 3909 776 4007 verba
799 3906 948 3977 adbibere
979 3909 1094 3992 soleat,
1131 3933 1212 4003 quae
