2866 4710
704 284 863 394 woo-

287 465 375 546 vidit,
404 487 467 535 non
496 465 615 536 studuit
643 458 811 532 admodum
834 481 965 529 nocere:
994 462 1078 529 unde
1104 462 1137 529 in
1153 464 1180 526 ·2
1205 461 1282 551 neg.

288 587 339 664 17,
365 585 404 649 16
428 606 488 650 una
512 602 582 651 cum
606 579 774 652 vitulorum
798 579 882 647 cuttu
906 578 1063 648 veneratio
1086 577 1185 648 Baalis
1209 599 1283 674 con·

285 699 405 769 tinuum
433 694 691 788 Ephraimitarum
720 703 881 786 peccatum
917 693 1102 785 proponitur
1133 678 1184 780 (cs.
1210 697 1283 761 ert

286 814 437 894 conat,
461 817 491 881 6.
516 814 564 903 7);
597 833 655 879 nec
678 819 778 880 aetate
807 811 855 881 ilia
883 812 1019 881 infausta
1048 810 1161 888 detuit,
1197 811 1284 878 cuius

287 930 502 1003 auctoritatem
526 927 651 998 ubertas
675 927 908 1021 prophetarum,
945 927 1071 1019 siquae
1100 927 1216 1008 aderat,
1231 926 1286 1005 uti

287 1047 361 1119 alias
385 1026 586 1139 sequeretur:
611 1051 768 1136 superstes
793 1042 874 1112 enim
900 1053 965 1113 erat
981 1043 1072 1127 etiam
1089 1046 1184 1130 Joaso
1200 1065 1285 1133 rege,
1349 1122 1351 1126 Α

287 1173 361 1256 post
383 1162 474 1232 Jebui
498 1162 677 1230 unctionem
703 1160 771 1250 plus
797 1159 999 1252 quadraginta
1028 1163 1168 1252 quinque
1190 1182 1287 1229 anno-

289 1304 358 1351 rum
382 1278 494 1372 spatio,
524 1278 676 1359 Elisaeus,
701 1277 843 1357 „israelis
874 1298 983 1345 cnrms
1014 1286 1044 1345 et
1068 1274 1211 1367 equites“
1236 1275 1287 1365 (os.

290 1398 413 1487 alteg.
447 1396 496 1474 13,
513 1393 589 1484 314).
639 1395 746 1484 Atque
775 1391 832 1462 sub
868 1392 962 1461 finem
992 1384 1082 1485 regni
1109 1390 1288 1461 terobeami

290 1511 436 1593 Secundi,
464 1511 518 1603 qui
533 1505 768 1601 insequebatur
785 1509 932 1589 Joasum,
956 1498 1118 1600 postremo
1144 1508 1212 1577 illae
1237 1532 1288 1578 so-

289 1630 416 1702 cietates
441 1628 472 1697 in
495 1619 676 1696 memoriam
699 1624 884 1717 rediguntur
906 1648 965 1719 per
985 1628 1056 1695 Am.
1079 1631 1112 1709 t,
1138 1630 1189 1696 14.

376 1746 448 1814 Hoc
465 1743 509 1812 de
531 1744 601 1812 loco
624 1765 734 1834 magna
756 1743 962 1833 interpretum
987 1733 1142 1823 discordia
1166 1749 1288 1820 exs‘tat;

289 1861 385 1930 altera
409 1857 490 1928 enim
514 1882 584 1952 pars
604 1863 637 1940 t?
659 1858 711 1927 htc
733 1857 812 1927 sumi
837 1859 901 1928 vult
917 1881 1011 1928 sensu
1027 1857 1173 1951 proprio,⁴
1191 1858 1288 1930 altera

290 1998 385 2047 sensu
407 1975 558 2069 figurat03
587 1975 664 2045 baec
687 1970 892 2065 discrepantia
914 1998 980 2045 non
1003 1976 1142 2058 tolletur,
1174 1998 1289 2068 quous·

290 2116 351 2186 que
370 2099 592 2185 utraquepars
608 2114 665 2184 per
682 2114 753 2176 eum
769 2114 893 2162 versum
909 2101 1032 2185 tempus
1049 2115 1195 2184 praesens
1212 2092 1288 2162 indi·

290 2211 352 2282 cari
369 2208 598 2280 existimabunt.
619 2211 662 2278 nt
674 2210 808 2300 primum
822 2210 924 2279 elucet
935 2232 991 2302 per
1002 2209 1079 2278 illud
1091 2211 1156 2280 Vav
1172 2211 1289 2301 Imper-

294 2327 367 2397 secti
382 2326 577 2397 Historicnm
599 2327 631 2395 in
660 2348 752 2396 versu
778 2329 817 2392 15
838 2320 926 2408 uttan
950 2322 1155 2424 Ἥζέῌῆζῆξ
1172 2332 1289 2421 unffi),

293 2442 345 2535 qui
375 2443 441 2536 ipse
468 2440 619 2535 temporis
649 2440 769 2511 iamiam
799 2443 956 2534 praeteriti
979 2465 1030 2514 res
1055 2444 1191 2526 exhibet,
1221 2467 1290 2514 sen·

292 2581 361 2628 sum
397 2552 518 2629 versus
542 2557 755 2651 praecedentis
788 2557 958 2650 genuinum
992 2570 1086 2651 atque
1120 2558 1290 2652 simplicem
1363 2540 1367 2545 ’

293 2675 324 2745 in
353 2661 490 2769 tempus
508 2674 600 2746 etiam
628 2674 713 2770 prius
741 2674 852 2744 referri
877 2694 969 2768 quam
1005 2678 1088 2768 quod
1123 2699 1216 2748 versu
1245 2677 1289 2746 in·

279 2774 437 2892 'sequenti
466 2791 663 2885 designetur:
686 2793 770 2862 unde
793 2816 917 2864 versum
943 2797 994 2875 14,
1011 2792 1047 2862 in
1072 2818 1135 2887 quo
1162 2804 1197 2863 ut
1219 2818 1289 2885 pas-

294 2909 352 2980 sim
375 2908 447 2979 alibi
464 2908 601 2979 Subieoti
618 2931 688 2978 cum
705 2909 885 2982 Praedicato
902 2908 1078 2979 coniunctio
1095 2934 1159 2979 non
1175 2909 1290 2980 diserte

292 3047 439 3116 expressa
467 3034 514 3097 est
540 3047 595 3117 per
612 3025 773 3118 Copubm,
797 3034 920 3095 vertere
937 3049 998 3095 non
1016 3025 1105 3097 licet:
1129 3028 1200 3097 Non
1217 3051 1289 3118 pro·
1330 3122 1332 3126 Α

292 3141 384 3234 pheta
407 3151 476 3213 sum
502 3166 559 3234 ego
584 3165 642 3212 nec
665 3142 745 3212 filius
769 3143 921 3235 propbeta
944 3143 1038 3233 (sum)
1063 3165 1133 3235 ego,
1157 3123 1212 3214 sed
1231 3144 1289 3213 bu·

287 3259 380 3330 'culus
415 3274 484 3329 sum
520 3268 551 3329 et
580 3260 727 3350 colligens
762 3250 968 3351 sycomoros·
997 3259 1053 3330 sed
1085 3259 1167 3330 hanc
1198 3284 1290 3332 unam

293 3374 581 3467 interpretationem
616 3374 744 3445 concedi
778 3384 879 3467 patet:
913 3377 986 3444 Non
1020 3377 1173 3469 propbeta
1206 3400 1289 3447 eram

262 3508 273 3547 ί
293 3512 352 3583 ego
387 3514 445 3561 nec
484 3492 565 3563 filius
602 3492 756 3585 propbeta
798 3516 857 3586 ego
894 3492 1019 3584 (eram),
1064 3492 1120 3563 sed
1159 3493 1290 3568 buculus

292 3629 351 3699 ego
390 3630 474 3678 eram
515 3617 546 3676 et
580 3607 728 3700 colligens
767 3607 877 3699 (eram)
912 3632 1112 3702 sycomoros:
1154 3609 1196 3680 ita
1237 3609 1290 3678 de·

292 3747 376 3794 mum
415 3748 523 3796 suum>
551 3722 697 3794 tribuitur
735 3724 775 3795 illi
808 3719 881 3821 u'tji't]
909 3727 1053 3819 *tppntt
1093 3728 1164 3821 ‘Ac
1207 3709 1291 3798 Baur

281 3894 285 3902 ’
371 3899 394 3962 ‘)
422 3898 498 3952 Grata
526 3898 600 3953 buius
628 3901 848 3967 interpretationis
877 3899 1056 3967 comprobatio
1087 3901 1199 3952 occurrit
1221 3901 1290 3972 apud

291 3984 364 4053 Lxx,
383 3988 426 4056 qui
438 3996 553 4045 vortunt:
573 3979 630 4042 orbi
643 3984 719 4059 ἢμην
730 3984 879 4065 προφήτης
898 3979 956 4058 ἐγώ
976 3978 1046 4043 οὐδὲ
1059 3981 1124 4056 οἰὸς
1135 3981 1289 4066 προφήτου
