2866 4710
665 268 824 367 ..12-

245 442 436 534 simpliciter,
466 441 495 508 id
521 462 560 509 ex
583 445 604 508 2
628 442 704 530 Reg.
728 445 760 521 4,
785 445 805 506 2
831 441 1085 511 verisimillimum
1111 465 1180 512 esse
1204 441 1246 509 vi·

245 560 347 639 detur,
371 557 518 627 babuisse
541 578 710 649 quemque,
727 567 762 627 ut
784 557 885 651 ipsum
902 559 1057 628 Elisaeum
1071 556 1123 648 (ci.
1137 561 1156 623 2
1170 558 1246 648 Reg.

163 752 165 757 .
246 679 276 756 5,
306 679 341 754 93
365 679 396 753 6,
423 674 504 763 32),
522 672 650 741 domum
674 673 721 741 vei
746 673 854 743 sedem
877 673 1052 766 proprium:
1077 696 1169 765 quarn
1193 672 1246 756 qui
1341 708 1344 716 ·

245 792 343 861 fuisse
366 790 505 859 sentiunt
527 788 622 856 modo
647 788 693 867 iis,
719 788 772 880 qui
796 812 912 858 uxores
936 788 1093 869 duxerint,
1114 790 1152 858 ad
1177 812 1247 858 sen·

245 909 372 977 tentiam
402 913 489 974 suam
517 903 702 989 iniciendam
739 904 873 974 afferant
896 907 915 968 2
941 905 1018 995 neg
1044 909 1075 986 6,
1100 909 1130 974 2.
1177 903 1247 973 Keil

246 1022 327 1092 enim
351 1018 402 1109 (ad
426 1025 446 1086 2
470 1020 547 1108 Reg.
572 1023 602 1099 6,
628 1025 641 1085 l
670 1043 740 1148 sqq.
765 1044 798 1112 p
825 1021 901 1110 374)
938 1020 1012 1089 dicit
1046 1016 1120 1090 itud
1148 1012 1257 1112 222Ἰὶ

244 1122 336 1234 3333
357 1135 516 1230 quidem
507 1159 539 1202 ιιι
565 1150 655 1204 versu
680 1135 781 1227 primo
811 1134 988 1225 significare
1017 1136 1121 1204 locum
1151 1103 1247 1204 modo

246 1261 429 1332 conventus,
452 1273 560 1318 verum
575 1245 634 1342 22
650 1231 775 1346 {1333
767 1274 797 1319 ιιι
826 1273 919 1321 versu
947 1250 1126 1320 secundo
1118 1275 1248 1321 innuere

245 1371 352 1462 magis
365 1364 574 1437 habitationis
603 1325 724 1434 locuni:
759 1377 853 1459 atque
881 1367 1019 1436 Tbenius
1051 1367 1149 1454 (adh.
1163 1369 1193 1437 Ι.
1216 1392 1247 1461 p.

246 1472 335 1567 2912,
361 1482 495 1576 quia¹
457 1476 508 1545 22
526 1461 618 1575 12123
647 1505 709 1549 non
740 1492 812 1575 apte
846 1485 947 1574 possit
981 1482 1074 1553 verti.
1115 1493 1172 1564 „ut
1206 1483 1247 1553 ibi

247 1603 444 1678 ιιιιιιιιιιιιι,26
473 1609 559 1667 certe
583 1554 674 1667 iilum
709 1606 880 1667 conventus
914 1599 1056 1667 iocum
1048 1622 1078 1667 ιιι
1107 1598 1248 1668 aedificio

247 1719 327 1811 ipso,
353 1713 437 1807 quod
464 1713 545 1782 idem
570 1732 708 1783 cameras
738 1713 938 1794 continuerit,
963 1714 1059 1784 fuisse
1082 1713 1249 1793 coniectat:

248 1843 280 1904 ut
308 1832 367 1901 hae
396 1832 595 1899 coniecturae
624 1824 690 1899 nisi
720 1828 843 1897 aliunde
878 1830 1113 1910 confirmentur,
1148 1831 1249 1923 primo

248 1949 376 2018 obtutu
386 1944 563 2024 concidunt,
588 1944 733 2037 quoniam
757 1945 795 2013 ad
819 1944 894 2013 illud
918 1924 1177 2039 221222116ιο
1200 1965 1250 2016 ao·

251 2064 334 2134 cedit
351 2060 543 2130 enunciato
530 2041 628 2155 3333,
642 2083 725 2152 quae
747 2059 777 2127 in
808 2078 899 2130 versu
927 2070 1105 2152 praeeunte
1130 2061 1250 2133 diserte

248 2177 484 2269 adiungebatuc.

315 2292 575 2370 Jarnvidendum,
600 2291 674 2383 quid
692 2291 749 2361 sibi
767 2292 840 2360 velit
856 2291 1026 2361 enuntiatio
1041 2299 1071 2356 ’2
1082 2272 1151 2389 '333
1162 2291 1251 2390 1122

250 2416 356 2503 Atque
383 2401 446 2505 326,
471 2402 595 2501 quidem
624 2407 746 2498 saepius
776 2406 941 2476 adhibetur
963 2408 1001 2477 ad
1026 2408 1250 2500 designandum

251 2538 364 2599 statum
380 2526 637 2635 magistratuum,
652 2545 771 2614 regum,
796 2521 931 2592 iudicum
956 2524 995 2592 ci.
1019 2527 1069 2594 Pa.
1093 2529 1123 2606 9,
1148 2528 1184 2604 83
1210 2532 1251 2594 55
1355 2554 1357 2558 ’

252 2639 593 2723 20;1122,5ι11·;ιιο
622 2624 752 2708 derbum
773 2643 840 2730 ’122
863 2638 945 2707 de
925 2663 963 2709 ιιι
975 2639 1105 2720 drcrtur
1123 2643 1177 2732 qui
1201 2665 1252 2711 ve·

251 2757 388 2829 recundc
412 2758 480 2826 eius
505 2752 559 2847 qui
582 2754 672 2825 sedet
698 2755 882 2845 senteutiam
905 2765 936 2824 et
964 2755 1140 2826 mandatum
1171 2758 1252 2826 exci-

251 2873 412 2969 piantes.
437 2872 486 2940 Ex
514 2873 644 2952 18,1:3
668 2869 723 2940 ubi
742 2848 786 2939 de
809 2871 899 2939 Mose
922 2868 1072 2962 populum
1097 2872 1253 2944 iudicante

252 2991 398 3061 scribitur
414 2983 491 3083 1122
509 2979 599 3087 222,
633 2989 672 3055 de
701 2984 818 3077 popuio
849 2985 902 3077 qui
930 3009 982 3056 res
1005 2986 1193 3058 dirimendas
1222 2999 1253 3059 et

252 3073 485 3177 constituendas
502 3106 623 3197 profert
633 3079 767 3196 2662
778 3105 847 3192 ”iii
862 3096 966 3197 63221
986 3107 1000 3167 l
1019 3104 1096 3193 neg.
1115 3106 1166 3184 22,
1194 3110 1253 3175 19:

253 3223 308 3292 ubi
331 3222 450 3292 Jehova
474 3220 660 3292 describitur
680 3197 916 3312 22252221,
950 3220 1132 3309 angelorum
1164 3244 1253 3290 exer·

253 3338 332 3407 citus
366 3328 432 3429 122
458 3333 533 3418 1212
569 3361 624 3428 pro
649 3321 776 3429 52122
806 3336 837 3404 in
872 3358 962 3403 versu
992 3332 1032 3400 21
1063 3337 1192 3428 ponitur
1214 3337 1253 3405 de

255 3454 392 3546 quodam
427 3478 464 3522 er
494 3454 542 3524 bis
570 3452 688 3544 augetis
708 3431 875 3547 11122125,
889 3447 997 3547 12221,
1046 3453 1133 3520 Haec
1157 3475 1254 3522 enun-

254 3568 341 3650 tiatio
364 3574 394 3633 '3
407 3549 475 3663 3333
487 3565 551 3664 122
574 3562 742 3658 usurpatur
762 3565 792 3636 b.
817 3591 843 3636 c.
868 3567 907 3635 de
930 3567 978 3646 iis,
999 3569 1054 3659 qui
1071 3567 1154 3637 dicto
1170 3569 1255 3660 regis

255 3758 347 3824 capitis
364 3757 410 3821 Vi)
434 3759 466 3810 ad
489 3775 532 3810 res
557 3758 625 3810 vaiet
648 3760 769 3824 privatus,
788 3759 869 3821 alteru
888 3758 960 3823 (iudo
980 3775 994 3810 ιι
1014 3760 1053 3811 vl'
1065 3756 1093 3822 8)
1111 3759 1154 3811 ad'
1170 3758 1255 3825 publi·

255 3863 308 3899 cus.
327 3845 377 3910 (De
390 3849 501 3912 ratione,
518 3863 568 3915 qua
578 3849 740 3925 narrationes
758 3848 816 3900 idas
836 3855 926 3899 auctor
944 3846 1067 3899 librorum
1080 3863 1172 3916 rogum
1185 3864 1255 3899 com-

256 3936 351 4002 posuit,
370 3936 402 3987 ci.
420 3936 487 4002 licit,
507 3934 577 3988 Com.
599 3953 631 3988 uu
650 3937 674 3987 d.
694 3935 744 3988 BB.
765 3937 812 3988 der
824 3934 906 3988 Koeu.
926 3952 952 4003 p.
972 3933 1024 3986 348
1038 3937 1092 4004 sq.)
