2866 4710
640 213 798 315 2³..

162 452 164 457 .
216 393 287 462 culti
314 402 345 461 et
368 392 481 472 edocti,
515 401 549 460 ut
573 391 631 461 sub
657 400 812 483 potestate
835 392 882 459 vel
907 401 1147 483 praeceptorum
1171 391 1223 481 vei

215 510 401 590 antistitum,
430 532 540 577 eorum
572 507 666 578 verba
689 509 832 599 iactaque
868 505 1095 603 inspicientium
1125 519 1220 601 atque

217 625 308 695 enixe
337 626 581 704 observantium,
605 624 758 694 retinendi
784 633 903 693 essent:
929 623 1025 692 immo
1058 624 1142 694 iuxta
1172 648 1218 707 ea,

216 766 296 832 quae
320 742 359 810 de
381 742 419 812 iis
442 740 852 833 memoriaeproditasunt,
877 739 1139 831 deprehendimus
1164 738 1219 814 eos

216 871 248 929 et
284 860 368 951 ipsos
393 882 465 928 vere
490 857 658 959 prophetas
681 866 716 955 ¹et
739 879 812 925 vere
840 857 1065 947 prophetarum
1089 883 1219 930 munere

217 977 391 1068 fungentes.
553 970 555 975 ’
1133 974 1138 985 ’

303 1094 375 1161 Hoc
403 1102 507 1162 autem
536 1114 649 1160 munus
674 1113 783 1158 eorum
812 1092 916 1182 quale,
933 1091 1037 1172 suerit,
1067 1101 1132 1160 tum
1154 1117 1218 1168 uno

215 1189 366 1302 exemplo.
386 1209 438 1276 ilio
464 1208 673 1298 cognoscitur,
699 1208 785 1300 quod
803 1200 945 1277 narratur
968 1206 997 1276 in
1025 1212 1039 1274 1
1065 1210 1142 1300 Reg.
1167 1213 1219 1290 20,

216 1330 257 1393 35
287 1350 369 1418 sqq,
391 1335 458 1395 tum
488 1348 527 1394 ex
555 1334 621 1394 tota
643 1324 731 1415 regni
759 1323 1033 1415 Ephraimitarum,
1064 1348 1143 1416 quae
1168 1326 1218 1394 iilo

215 1453 357 1535 tempore
373 1451 449 1523 erat,
473 1440 653 1510 conditione
666 1449 760 1531 atque
782 1462 821 1508 ex
844 1440 966 1510 ratione
990 1463 1037 1520 ea,
1061 1450 1121 1534 qua
1145 1465 1218 1514 con·

214 1569 263 1629 tra
284 1561 363 1629 hanc
387 1558 598 1628 conditionem
615 1558 795 1648 pugnabant
810 1555 894 1648 Eiias
914 1568 945 1625 et
961 1556 1112 1638 Elisaeus
1138 1583 1218 1652 quos

218 1699 257 1745 ex
290 1677 404 1745 horum
439 1675 578 1767 partibus
608 1674 739 1770 ¹stetisse
781 1683 908 1765 apparet
943 1673 1077 1743 maxime
1119 1699 1158 1744 ex
1198 1680 1216 1753 2

216 1796 296 1884 aeg.
321 1796 357 1872 23
387 1796 424 1871 4;
464 1797 494 1871 9,
527 1796 541 1858 1
574 1816 644 1884 sqq.
693 1790 872 1883 Occurrunt
897 1788 1031 1859 enimin
1056 1790 1218 1870 librisRe-

215 1934 289 2001 gum
312 1909 343 1976 hi
367 1892 580 2002 ΠᾞἾζὶξῡᾛξ,
612 1918 646 1977 ut
676 1930 769 1998 supra
798 1916 1016 1986 memoratum,
1042 1931 1077 1978 ea
1105 1919 1217 1991 aetate,

217 2050 288 2118 qua,
326 2035 492 2118 postquam
528 2024 598 2094 inde
626 2026 665 2094 ab
700 2023 891 2092 derobeamo
919 2023 1022 2091 Primo
1057 2024 1094 2095 ad
1130 2025 1218 2117 regni

215 2151 336 2234 raptum
362 2142 597 2211 sustentandum
628 2141 921 2220 cultus'vitulorum
948 2140 1154 2232 patrocinium
1178 2141 1216 2211 ab

210 2258 340 2351 regibus
372 2237 554 2351 usurpatum
581 2266 642 2338 est,
677 2257 826 2328 Achabus
854 2257 962 2326 aedem
987 2238 1071 2327 Baali
1095 2268 1217 2353 exstru-

215 2377 307 2458 endo,
343 2374 561 2467 constituendo
599 2374 664 2444 eius
696 2375 802 2454 altare,
836 2375 1008 2473 Ascheram
1044 2374 1216 2457 adorando,

214 2496 301 2563 lucos
336 2491 566 2571 consecrando,
607 2489 709 2559 omnia
738 2489 834 2559 idolis
866 2491 1041 2583 implendo,
1082 2491 1216 2560 Phoeni·

214 2635 284 2681 cum
308 2634 378 2681 cum
402 2609 587 2680 auctoritate
610 2609 695 2699 regia
719 2607 843 2700 publice
873 2607 1092 2678 introducebat
1116 2608 1216 2677 idolo·

213 2728 348 2807 latriam
372 2729 466 2807 hanc,
492 2726 632 2817 quamvis
656 2727 799 2802 dommo,
823 2723 941 2794 Achabi
963 2713 1047 2806 tilio,
1083 2734 1215 2795 statuam

213 2844 311 2914 Baalis
335 2852 516 2912 removente
541 2843 725 2932 faventeque
756 2839 922 2909 vitulorum
947 2842 1053 2921 cultui,
1078 2866 1148 2919 cum
1173 2844 1216 2909 vi·

212 2985 290 3053 gore
313 2959 540 3053 perducamque,
565 2958 624 3049 iam
650 2956 753 3049 exiis
782 2967 913 3038 constat,
946 2982 1025 3049 quae
1049 2958 1089 3027 de
1113 2960 1214 3028 Jehuo

214 3058 243 3147 in
268 3078 368 3148 Baalis
393 3087 424 3146 et
447 3075 579 3147 sacraria
604 3084 635 3143 et
658 3083 829 3145 sectatores
859 3074 1014 3144 saeviente
1038 3075 1216 3166 produntur

211 3195 242 3263 in
268 3195 380 3284 2Reg.
398 3199 448 3275 ,10
472 3194 511 3283 (v.
532 3193 683 3283 18-28).
707 3194 819 3284 Atque¹
837 3193 975 3270 dehovae
999 3191 1214 3263 adorationem

214 3314 271 3380 etsi
295 3334 398 3402 neque
423 3335 477 3401 per
500 3309 613 3377 vitulos
630 3331 733 3399 neque
750 3331 805 3400 per
821 3288 951 3377 baalam
969 3317 1022 3376 aut
1044 3307 1214 3377 Ascheram

212 3428 424 3519 Ephraimitae
460 3429 626 3495 voluerunt
663 3423 864 3516 obmgatnm,
903 3434 1006 3494 tamen
1042 3425 1142 3493 cuitus
1177 3423 1214 3494 iis

213 3552 288 3623 erat,
313 3549 375 3612 non
393 3545 541 3613 aJehova
565 3542 734 3621 institutus,
760 3542 814 3610 sed
838 3541 876 3611 ab
902 3541 948 3622 iis,
973 3540 1025 3633 qui
1050 3538 1096 3610 sui
1121 3540 1214 3609 animi

213 3659 455 3748 cogitationibus
485 3660 568 3728 ducti
598 3645 872 3750 confingebantet
901 3648 1215 3727 comminiscebantur

212 3776 269 3847 sibi
302 3760 458 3868 propriam
493 3777 647 3869 quandam
677 3776 828 3845 Jehovam
864 3774 1013 3845 adorandi
1043 3773 1211 3844 rationem:

213 3894 264 3986 qui
288 3894 318 3963 in
341 3916 415 3963 suae
440 3892 576 3963 utilitatis
601 3903 633 3962 et
659 3894 817 3984 potentiae
845 3891 1016 3984 gratiana
1039 3890 1211 3984 praeceptis
