2866 4710
689 260 730 324 41

212 445 351 518 ceterae,
375 447 410 506 ut
433 436 565 506 vidimus
589 458 698 528 supra,
723 459 750 504 e.
775 458 801 505 c.
825 435 961 506 musices
984 437 1088 528 usus*)
1112 439 1214 506 miuus

211 554 250 623 ad
274 553 518 644 eausam-ipsam
535 560 684 645 spectant.
706 555 810 646 Atque
826 554 863 623 ad
882 554 1115 646 prophetarum,
1135 576 1215 646 quae

211 670 337 751 luerim,
362 670 484 739 scholas
509 669 595 763 quod
618 669 743 748 attinet,
768 671 814 738 uti
844 693 884 739 ex
911 670 999 740 libris
1022 671 1143 760 Regum
1172 669 1216 739 la·

211 786 324 857 bricari
359 809 410 857 eas
446 802 508 854 non
542 784 703 875 valuimus,
740 785 780 855 ita
812 807 918 855 earum
943 785 1091 878 cogitatio
1117 794 1147 854 et
1177 809 1216 855 ex

212 902 292 972 libro
310 903 409 993 primo
428 902 580 972 Samuelis
596 902 764 972 recedebat
780 906 896 973 omnis:
918 903 1102 995 praesertim
1119 927 1216 992 quum

213 1019 242 1088 in
270 1019 360 1089 buius
384 1018 453 1088 libri
477 1019 645 1111 prophetas
670 1042 705 1089 ea
729 1021 794 1089 lere
816 1019 1056 1111 praeiudicando
1081 1030 1215 1091 tantum-

211 1135 307 1204 modo
336 1136 497 1206 transferri
520 1145 629 1227 posset
651 1158 690 1203 ex
713 1135 799 1204 libris
824 1133 961 1227 Regum;
992 1137 1075 1229 unde
1103 1159 1146 1205 ex
1165 1116 1217 1208 bis

213 1251 461 1344 disquisitionem
488 1262 628 1322 nostram
654 1251 842 1345 incepimus,
880 1276 960 1343 quae
992 1252 1022 1320 in
1058 1253 1118 1328 hos
1154 1262 1217 1323 nou

214 1368 376 1460 quadrent,
400 1370 499 1438 multo
528 1369 630 1439 minus
654 1369 684 1438 in
709 1369 774 1439 illas
804 1370 957 1440 Samuelis
980 1371 1145 1440 societates
1169 1394 1217 1442 ca·

193 1485 288 1554 'dere
312 1485 555 1578 comprobaturi.
853 1472 859 1485 ’

303 1602 398 1685 Quod
422 1612 526 1672 autern
550 1602 661 1672 attinet
684 1601 722 1670 ad
746 1600 960 1671 differentiam,
978 1625 1056 1683 earn,
1080 1582 1147 1694 'qua
1174 1604 1216 1674 al·

213 1719 311 1788 terius
335 1719 443 1789 aetatis
474 1718 639 1788 societates
667 1717 705 1789 ab
734 1719 830 1787 altera
866 1691 1058 1810 discrepasse
1088 1730 1216 1808 conten-

213 1835 290 1904 dunt
324 1836 521 1904 Haevernicb
557 1845 588 1903 et
623 1835 756 1924 Keil**)‚
798 1835 932 1904 maxime
972 1845 1142 1927 provocant
1176 1837 1236 1906 ad‘

213 1951 308 2041 ipsius
333 1951 555 2043 designationis
579 1950 803 2031 differentiam
827 1951 907 2020 banc
930 1952 1063 2044 explicat
1078 1954 1218 2023 Haerer-

212 2067 282 2136 nick
308 2067 399 2158 (Einl.
422 2070 443 2136 i.
468 2068 497 2136 d.
521 2070 560 2136 A.
586 2069 621 2136 Τ.
646 2069 674 2135 ll
698 2071 717 2131 2
742 2090 772 2157 p.
796 2068 852 2156 20)
883 2067 1062 2142 denotando
1092 2062 1218 2159 accura-

212 2184 284 2266 tius,
310 2185 417 2275 quales
441 2184 479 2254 ad
512 2185 688 2254 Samuelem
720 2206 754 2252 se
776 2183 959 2265 habuerint,
995 2185 1065 2253 Keil
1091 2186 1219 2256 denotat

213 2299 398 2382 accuratius,
424 2302 531 2393 quales
555 2301 704 2371 adEliam
729 2311 759 2370 et
781 2299 949 2369 Elisaeum.
974 2301 1029 2369 llle
1047 2301 1129 2370 enim
1146 2302 1219 2371 dicit

215 2416 368 2486 Samuelis
399 2427 501 2487 aetate
531 2418 627 2488 luisse
651 2417 855 2488 voluntariam
880 2425 975 2508 atque
999 2417 1110 2487 laetam
1135 2420 1217 2494 ultro

213 2533 251 2602 ad
288 2533 464 2602 Samuelem
503 2542 534 2601 et
567 2534 605 2603 ad
640 2534 816 2604 libertatem
846 2533 982 2603 loturam
1007 2523 1217 2604 accessionem

215 2655 372 2745 (nlttljpffi
401 2629 498 2746 npbo
526 2655 610 2741 lgm:
638 2650 693 2718 hie
714 2674 752 2718 ex
775 2622 828 2719 illo
844 2635 1044 2744 D'dlssld'll?
1065 2652 1218 2722 coniectat

213 2769 394 2839 huiusmodi
417 2768 500 2837 viros
524 2768 647 2837 vinculo
664 2768 762 2840 multo
780 2767 905 2838 arctiori
924 2750 1108 2839 coniunctos
1123 2768 1222 2838 luisse·

214 2885 375 2956 cumaElia
399 2894 429 2954 et
451 2885 587 2964 Elisaeo,
616 2892 727 2975 utpote
752 2883 803 2974 qui
829 2894 932 2975 patres
957 2909 1067 2960 eorum
1092 2885 1219 2967 luerint,

214 3026 276 3071 non
301 2983 359 3072 soli
375 2980 473 3098 ῠιῇῇξζ
491 3006 601 3091 mg?-
641 3002 759 3070 Verum
784 3023 823 3068 ex
846 3001 933 3070 hisce
953 3001 1219 3092 designationibus
1320 3096 1324 3101 η

283 3213 305 3275 ⁸)
323 3214 378 3266 lluc
397 3213 538 3267 referenda
557 3228 589 3265 aa
608 3227 712 3281 quoque
732 3211 859 3280 quaestio,
878 3227 938 3264 num
952 3212 1083 3265 domicilia
1102 3211 1139 3265 illi
1153 3227 1218 3279 pro-

214 3303 308 3371 pbetae
326 3303 464 3357 habuerint
483 3301 638 3364 communia,
657 3317 717 3352 num
738 3316 837 3352 coenae
857 3307 1007 3353 communes
1027 3302 1059 3353 ils
1072 3318 1105 3352 ex
1124 3301 1218 3353 ordine

214 3393 310 3445 luerint
330 3394 509 3461 quotidianae;
526 3409 557 3445 ea
576 3399 603 3443 ut
622 3391 663 3455 iis,
683 3390 725 3458 qui
744 3391 770 3440 in
790 3405 872 3456 ragno
891 3376 1218 3457 Ephraimitarum'munus
1268 3442 1271 3448 ,

215 3480 329 3546 obibant,
349 3492 420 3534 certo
440 3482 545 3535 attribui
566 3496 618 3532 uon
637 3495 715 3548 posse
735 3478 906 3543 ostendimus,
924 3480 959 3531 ita
974 3480 1101 3533 Samuelis
1115 3496 1218 3549 quoquc

215 3580 302 3624 aetate
322 3571 501 3624 edoceri'non
521 3581 629 3640 possunt
649 3571 741 3635 exiis,
761 3584 826 3638 quae
847 3569 997 3622 coniectura
1012 3581 1104 3622 eruunt
1123 3587 1155 3622 ex
1174 3571 1219 3622 illo

214 3654 294 3747 llljl:
324 3661 479 3730 praesertim
507 3678 584 3730 quum
609 3662 650 3714 rel
676 3660 741 3712 hanc
764 3661 940 3712 coniecturam
969 3661 1094 3711 incertam
1114 3660 1220 3712 incertis

214 3771 271 3821 istis
291 3770 324 3822 de
343 3768 511 3821 societatibus
531 3768 656 3820 librorum
676 3769 776 3836 Regum
796 3767 962 3835 opinionibus
981 3767 1096 3819 fulciant.

288 3875 323 3938 “)
341 3875 397 3927 llos
415 3883 558 3943 sequuntur
576 3884 602 3927 et
621 3875 733 3928 Thenius
752 3871 928 3938 (commentar
940 3891 963 3926 a.
978 3874 1002 3926 d.
1015 3874 1066 3943 BB,
1085 3874 1132 3926 der
1144 3872 1216 3926 llos-

215 3966 287 4035 nige,
306 3983 331 4035 p.
351 3960 413 4028 278)
433 3974 510 4033 atque
530 3961 627 4017 Oehler
645 3965 672 4029 (l.
692 3981 715 4016 c.
734 3981 760 4033 p.
778 3961 849 4026 215).
