2866 4710
588 252 746 352 L
814 251 818 259 .

254 431 304 501 Ad
327 428 400 500 illud
425 426 509 521 quod
534 427 659 508 attinet,
668 427 707 496 in
729 424 945 516 designatione
963 426 1166 519 obtegam?
1231 446 1233 450 ⁴

166 547 213 617 'vel
249 570 320 617 cum
354 545 420 639 ipsa
455 534 679 614 enuntiatione
694 526 757 638 '295
780 534 855 635 0335
870 540 1034 612 coniuncta
1050 564 1166 634 nequa·

166 688 258 759 quam
282 665 384 734 inesse
413 662 560 758 vidimus,
597 661 681 754 qood
717 683 847 756 prorsus
875 657 915 726 ilii
941 681 979 725 ex
1001 656 1062 727 alio
1088 681 1166 751 quo·

166 783 236 852 dam
272 791 418 870 tanquam
452 776 674 869 pependerint,
715 779 780 848 sed‘
805 774 1017 846 conditionem
1044 793 1167 854 eorum,

167 898 280 989 quibus
312 880 450 989 quamuis
482 896 564 964 uitro
590 903 621 962 et
644 894 699 964 sua
722 892 835 987 sponte
864 890 1036 984 prophetae
1066 889 1168 960 cuius·

168 1014 237 1083 dam
261 1013 446 1083 auctoritate
470 1011 673 1092 utentibuss
667 1035 805 1104 rpsorum
812 1007 997 1080 'auctoritas
1022 1015 1053 1075 et
1071 1005 1169 1097 digni-

168 1139 215 1202 tas
238 1129 420 1222 prophetica
443 1138 645 1220 permaneant
667 1130 818 1218 integrae.
846 1125 881 1194 ld
899 1123 986 1216 quod
1010 1122 1171 1250 apparebit

167 1259 198 1316 et
222 1248 261 1316 ea
282 1247 320 1317 iia
360 1269 441 1338 quae
464 1248 525 1316 iam
552 1244 732 1337 explicanda
756 1254 838 1315 sunt.
815 1233 921 1313 tAc
949 1232 1083 1333 primum
1100 1238 1168 1331 qui·
1232 1253 1235 1259 ’

93 1391 95 1395 ⁴
170 1364 241 1432 dem
280 1362 563 1433 denotandumt
516 1372 563 1430 est
583 1385 748 1454 nusquam
780 1362 832 1429 in
836 1359 930 1428 libris
964 1360 1084 1447 Regum
1117 1353 1170 1425 de-

168 1479 320 1574 prehendi
356 1477 613 1571 significationem
659 1480 838 1572 pappo-app,
857 1476 913 1547 sed
937 1475 1039 1544 soiom
1062 1495 1170 1547 omne·

167 1621 238 1666 rom
269 1582 421 1682 Piuralem'
445 1600 660 1688 Βίςᾯξῡ·“ξξιέ
687 1619 872 1688 quamquam
893 1616 920 1662 e.
940 1617 965 1662 c.
983 1607 1054 1690 post
1069 1598 1170 1668 Elium

170 1714 200 1781 in
225 1713 346 1782 coelom
371 1722 512 1782 evectum
536 1732 607 1781 cum
630 1713 677 1790 iis,
697 1712 748 1804 qni
765 1711 959 1804 appellantur
971 1715 1087 1787 diserte
1104 1719 1170 1811 ’Ἓξ

170 1835 318 1924 niti-Diti·
335 1829 552 1900 tantummodo
578 1853 673 1899 unum
695 1808 1018 1901 Elimeam-'videmus
1047 1855 1171 1902 versan-
1280 1811 1282 1823 Ι

170 1946 271 2036 tem*).
317 1947 363 2017 lta
387 1945 459 2014 ina
485 1947 561 2037 Reg.
587 1950 617 2024 4,
642 1948 684 2012 38
708 1957 925 2015 memorantur,
944 1953 1090 2042 Bittigo,
1116 1946 1169 2016 nbi

77 2142 80 2149 ¹
169 2062 193 2132 si
210 2043 380 2155 simplicem
403 2062 552 2134 historiae
569 2061 778 2132 narrationem
797 2062 1009 2146 observamus,
1034 2065 1076 2155 ilii
1099 2069 1172 2155 nu?

170 2201 232 2246 non
257 2180 501 2258 versanturnisi
525 2202 595 2248 cum
620 2203 683 2247 uno
706 2179 847 2277 Elisaem
877 2181 987 2249 eodem
1011 2180 1107 2251 modo
1132 2203 1171 2249 ex

171 2297 190 2358 2
214 2296 291 2386 Reg.
321 2299 351 2376 6,
377 2295 641 2387 lsequiturnon
657 2297 794 2370 adfuisse
815 2303 963 2391 Εἰςᾞζι,
991 2298 1053 2378 'sed
1076 2321 1173 2369 unum

71 2422 74 2427 ’
171 2402 344 2491 Elisaeum,
385 2436 478 2504 quem
521 2412 675 2481 voluerint
708 2412 864 2502 proficisci
903 2436 1026 2483 secum>
1047 2414 1183 2483 docem.

172 2527 262 2610 Quae
299 2552 394 2620 quum
428 2530 470 2598 ita
500 2509 571 2616 sint,
608 2524 777 2599 enuntiatio
804 2534 1022 2626 [atgagg-app,
1052 2532 1078 2600 si
1102 2554 1170 2600 ver·

171 2644 265 2713 tenda
295 2655 378 2715 esset
408 2669 464 2737 per
494 2647 600 2726 „iiiios
625 2647 881 2744 prophetarum‘,
915 2659 971 2721 ant
990 2658 1062 2729 ,tam
1097 2650 1170 2718 trita

172 2770 288 2830 ettam
317 2762 378 2831 fixa
408 2772 491 2832 esset
520 2782 630 2832 eorum
658 2763 843 2854 designatio,
877 2773 1054 2856 temporum
1089 2764 1210 2863 serie·¹

172 2876 297 2947 demum
332 2878 457 2957 effecta,
475 2888 522 2947 -ut
548 2903 575 2948 e.
610 2904 635 2948 c.
666 2903 701 2950 ea
724 2890 835 2962 aetate,
866 2905 925 2975 qua
950 2882 1019 2951 libri
1048 2883 1170 2973 Regum

173 2994 464 3077 conscriberentur,
500 2995 518 3064 i.
543 2986 569 3063 e.
596 3020 691 3087 quum
716 2996 839 3074 iudaei,
854 3007 958 3067 assent
985 2998 1015 3067 in
1040 2998 1170 3090 Rabylo-

111 3143 112 3146 *
173 3111 222 3180 nia
245 3111 379 3192 exsuies,
404 3122 434 3181 et
458 3112 500 3191 ibi
524 3136 558 3182 ea
582 3123 795 3210 usurparetur,
819 3114 874 3183 ubi
891 3116 1170 3207 unius-prophetae

173 3238 374 3298 occurrerent
391 3228 459 3297 filu
484 3228 656 3321 quidquod
671 3230 962 3322 Elisaeumrpsum,
988 3231 1040 3300 ubi
1064 3232 1170 3323 pulpa·
1199 3232 1202 3235 ’

108 3435 110 3438 ¹
173 3342 1168 3456 menumcoqurrubede”11s,quieumhabebantparem

173 3433 328 3532 dicentem
363 3464 480 3532 iaceret
515 3472 639 3590 auctor,
669 3463 713 3530 illi
752 3454 921 3533 verborum
960 3487 1039 3534 sono
1074 3458 1170 3534 semei

241 3755 267 3818 ⁸)
290 3754 363 3807 Unde
383 3753 443 3804 Her
436 3769 479 3822 ng
498 3754 526 3817 (i
545 3772 567 3806 c.
587 3771 611 3821 p
632 3750 675 3815 52)
694 3755 885 3819 coniectaverat
908 3770 956 3820 per
974 3743 1171 3833 nimmia·

172 3824 329 3931 teiligendos
349 3877 407 3914 esse
427 3861 514 3929 plnres
533 3871 717 3929 praeceptores
735 3862 908 3950 theoiogi'cos,
927 3864 970 3930 qui
990 3864 1059 3914 iussu
1073 3861 1169 3914 Eibaci

175 3952 200 4004 in
219 3953 359 4005 academiis
376 3951 411 4002 fiii
414 3966 443 4002 os
463 3953 603 4003 edocuerin
606 3962 621 4003 ι

927 4039 1087 4133 ez*
