2866 4710
690 185 847 285 —5-2—

275 357 349 428 bare
372 358 504 440 studeat,
521 383 586 429 eam
603 359 794 429 auctoritatis
818 360 1000 429 societatum
1015 368 1082 426 tum
1094 356 1265 426 antistitum

275 484 340 543 tum
368 473 503 545 fitiorum
534 477 778 545 imminutionem
808 476 856 545 aiii
885 497 994 544 revera
1017 475 1121 544 autin
1145 473 1267 543 univer-

277 614 344 660 sum
386 601 438 659 ant
476 603 550 662 tunc
583 592 790 683 temporis*)‚
835 591 884 661 alii
918 614 986 660 cum
1028 589 1267 681 Hengstenberg

277 706 438 789 (Christoi.
463 710 486 789 1,
509 733 539 800 p.
564 700 639 798 405)
664 717 749 777 certe
777 730 833 799 per
862 709 997 798 speciem
1026 706 1059 774 in
1088 730 1194 776 earum
1216 729 1268 775 so·

278 826 422 894 cietatum
446 823 638 893 institutione
662 825 757 894 inisse
787 834 940 894 statuunt:
964 823 1047 913 atqui
1066 823 1104 892 ad
1127 824 1189 890 hoc
1211 846 1267 913 po·
1352 858 1355 863 ·

278 942 390 1012 sterius
414 940 498 1032 quod
515 940 633 1017 attinet,
649 941 673 1010 si
699 965 733 1010 ea
756 940 874 1032 species
898 939 1006 1030 ntique
1029 948 1095 1008 erat
1118 938 1270 1008 eiusmodi

279 1069 314 1127 ut
329 1046 362 1126 et
377 1059 475 1126 Amos
490 1055 629 1136 haberet,
654 1080 709 1126 cur
724 1056 919 1148 gloriaretur,
944 1057 1027 1146 quod
1045 1079 1107 1124 non
1125 1065 1207 1126 esset
1231 1078 1270 1123 ex

279 1173 337 1242 iilis
361 1166 570 1252 societatibus,
596 1175 736 1263 proiecto
760 1173 917 1263 potentiae
941 1181 972 1240 et
994 1171 1183 1243 auctoritatis
1194 1180 1271 1240 sune

281 1289 400 1358 divinae
423 1276 508 1378 signa
531 1289 682 1363 dehoram
705 1293 787 1359 inter
810 1269 958 1380 populum
975 1299 1199 1368 contumacem,
1216 1288 1272 1378 qui

281 1404 319 1473 nd
342 1404 479 1472 officium
502 1409 693 1477 revocandus
717 1416 792 1485 erat,
823 1405 943 1485 meiius,
966 1404 1145 1494 sapientius,
1169 1403 1270 1472 effica-

281 1517 346 1586 cius
370 1526 565 1589 exserturnm
594 1522 690 1592 inisse
718 1546 810 1591 nemo
840 1545 902 1618 non
932 1520 1121 1598 infitiabitur‚
1156 1519 1180 1588 si
1205 1542 1270 1587 om·

250 1673 252 1678 ·
282 1633 354 1702 nino
371 1633 407 1702 iis
431 1636 650 1724 prophetarum
673 1639 873 1708 societatibus
890 1636 1057 1706 excitandis
1071 1635 1272 1713 abstinuisset

281 1760 419 1849 satisque
441 1756 610 1834 habuisset,
634 1756 800 1847 prophetas
825 1754 983 1845 delegasse
999 1753 1147 1843 singulos,
1171 1754 1271 1843 aqui·

283 1873 341 1944 bus
364 1873 511 1944 abfuisset
539 1895 573 1942 ea
597 1871 741 1963 suspicio,
766 1896 824 1964 qua
849 1893 904 1939 eos
927 1869 1110 1939 auctoritate
1139 1843 1271 1958 humana

283 1989 409 2080 prodire
435 1987 643 2065 statuebatnr;
679 1987 731 2079 qui
754 1996 857 2057 autem
880 1987 911 2054 in
934 1987 1112 2055 universum
1144 2000 1272 2054 eas'so·

284 2106 411 2174 cietates
434 2105 474 2173 ita
497 2105 685 2196 compositas
703 2115 733 2172 et
750 2127 820 2172 eum
837 2102 865 2170 in
891 2103 983 2170 finem
1005 2085 1163 2170 institutas
1179 2099 1274 2169 inisse

284 2231 420 2300 censent,
445 2230 479 2288 ut
502 2244 557 2306 per
580 2244 630 2290 eas
655 2220 734 2310 ipsas
757 2220 883 2310 spiritns
898 2216 1273 2296 fatidicus-imbiberam,

284 2347 350 2406 tota
379 2339 640 2405 commentatione
663 2344 769 2405 nostra
792 2335 905 2405 affatim
928 2345 999 2403 sunt
1021 2320 1216 2424 redargutis
1229 2341 1274 2400 at-

287 2475 347 2541 que
370 2451 462 2522 Bauri
485 2454 647 2531 sententia,
670 2475 729 2540 qua
752 2452 861 2520 Amosi
884 2461 984 2520 aetate
1008 2474 1059 2520 eas
1083 2450 1177 2519 [uisse
1201 2439 1274 2516 con·
1349 2475 1352 2480 ·

207 2593 210 2600 ·
285 2567 423 2637 tenditur
446 2567 616 2637 institutum
637 2567 797 2657 ,quoddam
822 2568 997 2636 obsoletum
1021 2576 1052 2635 et
1073 2565 1112 2635 ad
1128 2565 1208 2634 solas
1224 2586 1275 2632 res

287 2691 429 2752 externas
444 2683 631 2760 exercendas
645 2684 813 2773 delapsum,
831 2692 897 2752 tum
914 2706 954 2751 ex
975 2678 1122 2774 opinione
1138 2683 1188 2750 iiia
1203 2703 1274 2771 pro·

86 2809 90 2819 '
204 2872 207 2877 ,
288 2799 446 2877 ficiscitur,
468 2822 537 2889 qua,
554 2809 588 2868 ut
607 2799 797 2868 ostendimus
822 2823 923 2886 supra,
948 2799 1065 2868 artibus
1089 2795 1274 2889 quibusdam

289 2914 396 2982 dentre
425 2915 589 2984 tractandis
624 2914 703 2984 filios
733 2916 791 2984 iam
824 2905 993 2994 Samaeos,
1027 2914 1128 2992 uliae,
1162 2911 1276 2980 Eiisnei

183 3063 185 3067 ·
286 3038 418 3099 aetutate
447 3030 485 3097 de
514 3029 663 3099 industria
686 3030 809 3098 edoceri
839 3030 949 3099 soiitos
983 3029 1079 3100 inisse
1113 3050 1275 3120 perperam

289 3145 573 3235 praeiudicatur**i:
607 3155 672 3215 tum
707 3147 767 3216 hoc
796 3171 857 3215 uno
889 3146 996 3215 Amosi
1021 3146 1090 3213 ioco
1125 3143 1276 3224 innititur,

216 3353 218 3358 Ι
288 3284 379 3352 quem
408 3286 499 3354 quam
529 3263 558 3331 in
586 3273 704 3352 partem
731 3265 953 3354 interpretetur
982 3263 1006 3331 is
1036 3261 1186 3352 interpres
1209 3259 1276 3350 ipse

249 3429 252 3433 .
288 3399 378 3469 quam
400 3379 531 3448 maxime
552 3380 584 3448 in
608 3381 702 3450 dubio
726 3378 936 3467 versatum).

358 3649 381 3711 ')
399 3648 439 3702 Gi.
457 3649 535 3716 Bam,
553 3651 570 3702 1.
589 3666 611 3701 c.
632 3647 673 3703 31.
693 3650 734 3703 51.

279 3792 281 3796 v
362 3755 396 3818 ”)
418 3755 452 3809 Gi
466 3756 535 3810 Baur
554 3757 571 3808 1.
590 3773 612 3808 c.
631 3773 656 3824 p.
676 3755 717 3809 50.

358 3863 404 3925 ⁸⁸)
423 3861 461 3917 Gi.
481 3865 498 3916 1.
517 3879 539 3916 c.
558 3881 583 3940 p.
603 3862 643 3924 51.
