2866 4710
759 234 778 296 6

690 322 848 333 ,ιι-...μ-

269 405 412 484 iericho,
460 429 536 496 quas
571 404 663 474 urbes
699 405 787 496 regni
817 405 1078 496 Ephraimitarum
1106 407 1185 474 intra
1215 427 1269 496 pe·
1312 440 1315 446 ·

269 521 392 590 riodum
427 520 556 612 primam
581 520 720 589 videmus
744 533 868 591 tenaces
893 521 944 610 (cl.
977 527 989 586 l
1023 522 1100 612 Reg.
1128 525 1184 601 12,
1208 523 1270 599 tt;

271 648 479 663 -μ-

270 703 361 765 lloeu.;
373 703 405 754 ad
417 703 433 754 Ι.
445 696 522 754 eund.
538 711 563 753 et
582 704 607 754 iu
629 702 740 754 llaeuler
751 703 817 755 Bibl.
828 704 898 758 stud.
911 703 941 756 ll.
953 721 978 771 p.
1000 701 1049 754 130
1068 707 1138 772 sqq.)
1158 711 1270 755 conten-

271 794 333 845 dunt
357 808 409 843 non
428 792 492 867 intra
512 790 740 843 beniaminitarum
760 792 833 856 lines,
853 794 877 845 in
900 794 1021 846 lordonis
1039 794 1116 856 valle,
1135 793 1216 844 luisse
1234 793 1269 843 si·

270 891 335 947 tam,
353 881 399 931 sed
419 880 445 930 in
468 880 597 930 montibus
620 879 742 946 Ephraim
766 880 813 945 (cl.
832 879 909 933 Dent.
932 883 972 945 tt,
996 878 1050 946 30),
1071 882 1113 932 nbi
1129 881 1207 932 bodie
1226 880 1270 933 Si·

272 973 342 1023 lunte
361 970 392 1020 ad
411 963 523 1020 Africam
546 984 639 1019 versus
656 967 811 1021 <inveniatur
829 970 902 1022 vicus
919 971 1053 1034 ‚‚.liliilia“.
1091 969 1217 1037 llilgalem
1244 969 1270 1019 in

271 1061 339 1112 valle
357 1059 479 1111 lordonis
497 1058 570 1131 sitam
589 1058 663 1110 reiici
683 1074 734 1109 non
757 1059 839 1110 solum
865 1075 913 1126 per
936 1060 997 1111 illud
1017 1062 1099 1138 tw]
1114 1061 1139 1112 in
1163 1058 1180 1108 2
1205 1059 1270 1126 lleg.

271 1165 298 1232 2,
315 1166 343 1231 2,
359 1166 428 1234 qitod
448 1179 500 1217 aon
519 1173 647 1231 congruat
658 1180 716 1216 cure
735 1152 843 1217 Betbele
863 1167 888 1217 in
904 1151 1033 1219 meatibus
1051 1152 1109 1231 sita,
1127 1166 1173 1217 sed
1193 1166 1272 1217 etiam

272 1273 304 1306 ea
323 1256 356 1306 do
376 1269 462 1316 causa,
481 1254 550 1320 quod
570 1252 667 1316 Elium,
685 1255 707 1306 ai
727 1254 827 1322 Gilgale
845 1255 965 1307 Jardenis
984 1255 1119 1306 Betbelem
1138 1255 1271 1321 proiectus

272 1345 320 1408 sit‚·
340 1342 515 1396 Jericbuntem
544 1342 627 1407 primo
646 1349 835 1410 transgressum
860 1361 919 1394 esse
942 1354 968 1394 et
990 1347 1021 1396 in'
1035 1345 1155 1397 lardenis
1177 1325 1271 1395 vallem
1382 1334 1385 1339 ’

274 1434 384 1484 rediisse
403 1430 542 1496 putandum
561 1429 601 1481 sit.
626 1428 658 1480 Ar
671 1430 773 1483 illorum
798 1443 824 1483 et
843 1434 984 1484 descensus
1003 1441 1029 1484 et
1048 1449 1172 1485 ascensus
1190 1445 1272 1482 voca-

275 1522 392 1574 bulorum
415 1534 476 1570 usus
498 1519 602 1584 saepius
630 1519 663 1570 de
687 1522 841 1572 accuratiori
864 1522 1023 1589 certiorique
1047 1521 1163 1574 locorum
1182 1520 1275 1572 notitia·

275 1610 384 1677 pendet,
412 1623 462 1676 qua
485 1608 589 1675 quidem
611 1623 659 1658 nos
685 1609 717 1659 do
740 1610 784 1662 illo
808 1612 834 1661 in
853 1610 920 1662 valle
939 1610 1060 1663 lordonis
1079 1610 1175 1676 oppido
1195 1623 1272 1659 care-

275 1716 344 1761 mus3
367 1699 402 1748 ite
421 1713 472 1748 non
492 1713 552 1748 roro
571 1697 632 1749 illud
651 1699 708 1785 ἭῚτ
725 1699 757 1750 de
777 1700 892 1766 oppidis,
921 1699 1063 1766 exquibus
1083 1700 1140 1767 quis
1158 1699 1211 1750 exit
1230 1698 1273 1748 in-

275 1806 390 1867 venitur,
418 1805 488 1871 quod
513 1819 543 1854 oa
558 1804 598 1878 1¹¹¹
617 1803 682 1856 locis
706 1805 900 1875 sublimioribus
918 1805 960 1857 vel
979 1805 1118 1857 acclivibus
1138 1813 1274 1856 exstruere

275 1892 406 1948 solebant:
426 1908 478 1961 quo
502 1893 527 1943 in
543 1908 642 1959 genere
667 1894 779 1961 exempli
804 1909 882 1946 causa
901 1895 933 1945 de
953 1893 1073 1945 Samuele
1095 1903 1121 1944 et
1140 1893 1217 1946 Saule
1240 1893 1273 1944 ad

274 1986 351 2038 baem
375 1984 472 2035 llamae
499 1981 587 2047 oppidi
616 1984 785 2050 pergentibus
814 1978 908 2050 legitur
932 1981 960 2050 (t
982 1985 1050 2036 Sam.
1069 1981 1095 2048 9,
1113 1981 1172 2048 ²7l²
1201 1984 1273 2068 ilbi

274 2094 352 2179 'pm
370 2091 460 2168 ῃ3ρ3
478 2077 598 2177 ΠΠἾἹἯ
622 2089 655 2140 de
674 2090 757 2141 llutba
780 2089 966 2142 bethlecbemo
988 2091 1014 2141 in
1037 2105 1123 2141 aream
1141 2089 1274 2155 „descen-

274 2194 371 2253 dente‘⁴
391 2195 472 2260 (lluth
493 2193 517 2259 3,
538 2193 560 2245 3.
573 2191 614 2257 bl:
634 2212 683 2246 nec
696 2195 802 2248 difficile
815 2197 929 2265 cogitatu
943 2204 969 2248 et
981 2197 1007 2248 in
1017 2197 1168 2264 regionibus
1182 2197 1274 2267 quam·

275 2291 314 2344 via
325 2289 408 2356 planis
418 2295 503 2337 tamen
514 2285 540 2335 in
550 2283 610 2334 loco
620 2284 677 2336 eins
696 2285 812 2351 planitiei
831 2287 935 2338 editiori
958 2287 1054 2354 oppida
1073 2286 1189 2352 potuisse
1208 2301 1275 2337 con·

277 2380 354 2431 stitui.
391 2376 475 2444 Atque
494 2373 526 2431 ed
545 2372 619 2424 Eliae
642 2375 668 2424 in
686 2375 816 2427 lardenis.
831 2375 925 2436 vallem
950 2377 1018 2427 unde
1042 2375 1142 2426 exierat
1164 2375 1274 2427 reditum

278 2467 347 2538 quod
361 2465 460 2526 attinet,
479 2450 588 2528 primunr
606 2461 791 2527 denotandum,
805 2465 874 2532 quod
892 2480 944 2515 non
963 2464 995 2515 ad
1014 2463 1146 2515 arbitrium
1165 2465 1215 2516 iter
1233 2465 1276 2527 la·

278 2556 397 2608 ciendum
417 2551 542 2619 propbeta
562 2550 701 2619 deligebat,
719 2553 766 2604 sed
785 2552 838 2604 ibat
856 2561 929 2604 certo
948 2554 1019 2604 iussu
1043 2552 1140 2616 divino,
1168 2561 1276 2620 propior

279 2661 355 2718 quern
372 2652 414 2695 ter
432 2642 500 2693 redit
516 2641 582 2707 illud
601 2615 698 2728 lbi-ibri&
715 2630 788 2727 filiii
806 2644 841 2717 ³2
859 2639 890 2709 (2
907 2639 974 2708 lieg.
994 2641 1020 2704 2,
1038 2638 1063 2692 2.
1082 2637 1106 2690 l.
1121 2639 1162 2704 bl:
1181 2642 1276 2694 deinde

280 2755 301 2804 si
320 2754 377 2819 ipre
390 2757 452 2812 tum,
466 2763 543 2816 quum
563 2747 705 2812 patefactus
719 2749 794 2800 ertei
807 2749 887 2800 mirus
903 2732 996 2798 'eiuse
1014 2754 1085 2798 terra
1103 2748 1187 2799 abitus
1204 2756 1276 2801 trans

278 2842 417 2895 lardariam
444 2835 554 2899 futurus,
589 2836 637 2887 bac
656 2838 713 2909 ipsa
739 2836 860 2890 lardenis
884 2835 984 2904 Gilgale
1011 2843 1130 2889 versatus
1154 2843 1202 2899 est,
1232 2839 1275 2906 qui

279 2932 335 2993 lieri
362 2927 444 2996 potuit
470 2923 512 2976 bic
539 2932 610 2977 trans
628 2924 767 2979 lardariam
791 2926 883 2989 abitus,
906 2925 955 2977 uisi
983 2923 1059 2988 ittae,
1089 2924 1157 2975 unde
1182 2940 1277 2993 opres-

280 3039 324 3074 sus
344 3027 409 3082 erat,
427 3015 614 3068 revertebatur.
650 3013 705 3065 Nec
724 3006 880 3078 mirandum,
899 3008 968 3081 quod
995 3029 1047 3064 non
1072 3028 1119 3078 per
1143 3012 1193 3064 alia
1210 3013 1279 3080 loca,

281 3111 327 3164 sed
347 3123 395 3176 por
412 3106 547 3174 regionem
567 3104 676 3155 eandem
699 3103 812 3177 redibat3
840 3119 899 3155 nam
921 3101 942 3151 si
966 3102 1016 3153 iam
1036 3101 1062 3151 in
1079 3102 1279 3160 vitacommuni

280 3200 398 3253 homines
408 3212 460 3265 quo
469 3194 560 3246 maiori
580 3194 688 3245 alicuius
706 3193 792 3244 studio
811 3193 878 3258 capti
896 3198 964 3254 sont,
986 3206 1018 3241 oo
1036 3190 1141 3256 saepius
1159 3206 1218 3242 erem
1236 3193 1277 3246 vi-
1386 3185 1392 3191 ”

281 3292 345 3344 dere
369 3286 487 3352 cupiunt:
516 3266 567 3351 quo
591 3282 671 3351 magis
690 3280 760 3348 ¹illias
777 3281 861 3348 potuit
880 3279 983 3342 adduci,
1006 3287 1032 3329 ut
1051 3279 1210 3344 potissimum
1229 3296 1277 3348 per

283 3395 314 3430 ea
324 3379 382 3429 lora
391 3374 499 3435 rediret,
516 3372 542 3423 in
556 3371 647 3440 quibus
667 3354 832 3445 versaremur
851 3370 883 3433 ii,
901 3365 1009 3437 quorum
1028 3359 1085 3434 ipse
1102 3366 1214 3433 „pater“
1231 3384 1278 3422 no·

282 3471 431 3519 minaretur.
449 3444 522 3513 llnde
532 3460 557 3510 id
568 3459 670 3527 quidem
690 3459 740 3517 iam
759 3449 838 3526 patet,
855 3472 908 3509 noa
927 3473 995 3520 esse,
1009 3456 1055 3508 cui
1070 3457 1096 3508 in
1114 3453 1132 3507 2
1150 3457 1214 3525 lleg.
1225 3455 1279 3523 2‚t

281 3555 327 3609 itta
344 3551 464 3606 lardenis
483 3547 566 3615 Gilgal
584 3548 689 3599 omnino
707 3549 852 3618 reciciatnr.

355 3640 427 3693 Idem
446 3639 479 3690 de
498 3637 592 3688 ceteris
611 3635 639 3687 Τ.
658 3635 687 3688 V.
707 3637 771 3688 locis
789 3637 870 3700 redit,
894 3650 927 3687 ex
946 3634 1038 3704 quibus
1057 3634 1136 3686 ullam
1159 3635 1186 3686 ia
1209 3635 1279 3689 valle

283 3731 403 3785 lardenis
421 3727 526 3790 urbem,
554 3725 596 3777 cui
614 3740 709 3777 nomen
727 3725 805 3777 luerit
824 3721 945 3791 diruatis,
972 3724 1077 3775 omnino
1099 3723 1207 3775 edoceri
1225 3738 1279 3775 non

285 3836 362 3888 posse
383 3819 453 3886 cogit
470 3815 536 3866 llcil.
569 3813 773 3882 Perstringamus
792 3827 838 3864 eos
857 3812 940 3875 locos,
959 3828 1023 3880 quos
1042 3814 1064 3863 is
1082 3812 1211 3877 interpres
1229 3812 1280 3864 boc

284 3912 309 3962 in
327 3924 426 3979 genere
447 3905 567 3958 momenti
587 3920 645 3954 esee
664 3912 761 3960 censet.
798 3899 866 3953 Dicit
884 3900 952 3952 enim
971 3901 1074 3952 losuom
1094 3909 1228 3969 postquam
1246 3900 1279 3954 ai
