2866 4710
676 240 696 303 9

183 418 317 508 nttttssttst
348 422 401 482 aut
436 413 566 481 omnino
605 401 675 481 tine*
701 413 899 504 con-siboque
935 416 1016 483 intra
1055 438 1186 507 regnum

183 532 283 601 ,tudae
312 538 451 603 versatos
481 551 551 598 esse
580 539 715 622 ponatur
743 539 797 599 aut
826 529 871 598 ibi
904 530 1059 600 domicilia
1089 533 1185 601 eobo-

184 647 301 717 cavisse
325 669 397 725 eos,
421 654 456 717 ut
478 646 532 738 qui
556 656 595 713 'ex
618 644 727 713 decem
752 644 897 715 tribubus
921 635 1052 727 fuerint,
1088 650 1183 717 moda

185 787 251 833 eam
277 764 317 831 ob
342 783 477 839 causam,
502 760 587 852 quod
611 771 758 852 tanquam
781 783 821 829 ex
844 762 966 851 refugio
992 772 1023 831 et
1034 784 1086 848 ex
1108 765 1191 851 loeis,

183 878 351 948 tutioribus
375 875 503 946 consiiia
525 900 580 945 sua
598 878 636 946 ad
656 876 920 969 Ephraimitarum
944 900 1075 967 regnum
1094 904 1185 972 speo-

177 993 416 1064 ·tantia‘velient
440 992 579 1084 exsequi.
618 993 707 1062 Prius
731 992 805 1061 iilud
828 992 854 1061 si
877 993 1061 1085 accipimus,
1085 996 1124 1064 de
1147 998 1185 1066 iis

182 1113 427 1204 uenturum,
452 1132 587 1200 quorum
605 1109 682 1178 aiter
704 1108 867 1178 Acbabum
885 1113 1027 1202 coarguit
1050 1113 1079 1201 (1
1106 1114 1183 1204 ch.

184 1226 404 1310 20,-35-43)
429 1226 507 1294 alter
530 1224 632 1294 Jebuo
657 1224 807 1298 ultionem
830 1225 958 1295 adorno
976 1227 1097 1298 achabi
1120 1229 1185 1298 exi-

183 1343 315 1434 gendam
352 1340 457 1431 indicit
488 1340 519 1430 (2
549 1342 627 1432 Reg.
658 1345 688 1420 9,
721 1343 870 1432 1-10),
906 1333 1102 1412 iudicandum
1139 1358 1186 1414 ost

185 1458 270 1553 quod
294 1458 334 1525 de
358 1458 520 1550 propbeta,
546 1459 602 1548 qui
625 1479 665 1524 ex
688 1456 769 1526 Juda
792 1456 878 1526 iussu
903 1456 1005 1528 divino
1025 1458 1185 1530 bethelem

185 1573 442 1666 proficiscebatur
469 1596 512 1643 ,ac
542 1573 581 1641 de
614 1574 752 1654 annoso,
795 1572 846 1664 qui
879 1573 1018 1664 quamvis
1047 1575 1185 1647 iudaeus
1223 1648 1225 1652 ,

182 1701 286 1760 tamen
310 1689 429 1758 debora
452 1689 631 1781 imponente
653 1690 685 1766 in
698 1688 961 1779 Ephraimiterum
986 1710 1126 1781 regnum,
1145 1674 1229 1761 de‘?

184 1806 311 1874 Domini
336 1807 496 1879 uoluntate
519 1829 574 1875 eos
604 1803 769 1873 certiores
786 1805 936 1886 facturus,
969 1815 1185 1898 transgressus

184 1934 248 2002 est;
284 1931 315 1992 at
350 1912 503 2014 quidquid
536 1921 576 1990 de
604 1924 807 2016 D'b'iid‘b?
835 1922 1005 1992 memoriae
1031 1925 1185 2014 proditur,

185 2037 292 2107 nullibi
316 2037 501 2129 reperimus,
526 2059 563 2104 ex
590 2060 653 2127 quo
679 2059 789 2105 eorum
815 2039 1092 2128 congregationem
1118 2051 1185 2111 tan·

184 2154 348 2241 tummodo
377 2153 414 2224 ad
445 2154 561 2239 Judam
591 2154 638 2221 vei
671 2152 806 2222 maxime
838 2153 876 2222 ad
907 2153 1018 2228 tudam
1054 2157 1186 2228 valuisse

184 2270 353 2339 coniectari
383 2278 508 2361 posset:
545 2269 648 2360 potius
683 2292 745 2337 non
778 2269 812 2338 fit
836 2292 945 2337 eorum
979 2271 1097 2339 mentio
1128 2275 1185 2344 nisi

184 2386 262 2456 intra
296 2384 429 2457 mediam
449 2368 553 2476 ‘regni
586 2383 849 2475 Ephraimiterum
881 2385 1057 2466 historiam,
1092 2411 1185 2478 quam

184 2502 335 2581 iibrorum
362 2502 482 2591 Regum
506 2511 616 2569 auctor
640 2499 713 2567 inde
735 2500 773 2568 ab
799 2505 815 2567 1
842 2501 918 2591 Reg.
933 2506 999 2583 ’16,
1034 2506 1076 2570 29
1093 2514 1184 2577 tenus

184 2622 203 2684 2
227 2619 305 2709 Reg.
332 2621 372 2684 10
388 2617 587 2707 interrumpit
603 2616 698 2684 modo
715 2616 764 2687 bis
776 2619 817 2704 ⁴(1
833 2617 909 2717 Reg,
924 2619 976 2698 22,
1000 2622 1127 2687 41-51
1155 2603 1201 2693 et

184 2736 297 2825 2ch.
328 2737 359 2813 8,
392 2735 532 2824 16-29)
563 2756 620 2802 suo
644 2733 716 2801 loeo
736 2755 829 2823 quam
853 2730 1035 2823 brevissime
1064 2737 1185 2807 interii-

183 2850 306 2929 ciendo,
330 2871 410 2940 qpae
433 2849 473 2917 de
489 2848 557 2939 ipso
579 2848 791 2939 regnodudae
815 2847 1023 2939 consignanda
1048 2851 1075 2918 ei
1099 2853 1184 2934 vide-

183 2964 312 3043 bantur;
347 2975 441 3058 atque
476 2964 536 3035 vita
564 2965 681 3034 Elisaei
713 2963 855 3055 ipsorum
890 2972 977 3033 sorte
1011 2964 1052 3035 ita
1082 2980 1184 3042 exstat

182 3092 331 3175 tanquam
349 3088 513 3174 pertenta,
549 3089 583 3148 ut
612 3090 643 3150 et
676 3079 737 3161 bic,
773 3102 867 3174 quem
898 3080 1005 3148 decem
1037 3083 1183 3157 tribubus

183 3220 275 3266 nemo
304 3220 368 3265 uun
399 3205 504 3287 potest
531 3194 713 3278 attribuere,
746 3219 845 3287 regno
858 3196 1061 3267 ‘Judaeorum
1101 3213 1184 3273 esset

183 3307 444 3382 adnumerandus.
478 3311 533 3381 Illa
555 3322 671 3403 autem·
689 3312 804 3384 tribus·
820 3311 1093 3384 beniaminiterum
1129 3341 1184 3410 op-

183 3430 253 3521 pida
276 3431 303 3519 si
325 3431 457 3499 fuissent
473 3428 573 3523 modo
597 3428 634 3498 iis
664 3428 835 3520 refugium,
862 3421 1040 3520 graviorum
1070 3431 1099 3501 in
1127 3457 1183 3521 eos

183 3544 411 3615 inimicitiarum
428 3544 530 3636 imago
548 3544 751 3638 proponenda
776 3555 868 3625 esset,
894 3570 986 3638 quam
1007 3570 1089 3637 quae
1113 3561 1184 3639 post

183 3661 270 3730 Elias
294 3682 333 3749 ex
357 3660 505 3730 Cborebn
530 3672 636 3745 monte
660 3662 794 3732 reditum
822 3663 852 3731 in
876 3662 963 3731 libris
986 3663 1106 3754 Regum
1130 3664 1183 3733 de·

183 3777 369 3868 pinguntur:
394 3776 509 3845 etenim
527 3776 661 3848 violenta
678 3779 726 3848 iiia
741 3779 916 3857 insectatio,
930 3800 1023 3870 quam
1035 3779 1183 3850 Acbabus

182 3892 317 3963 isabeie
338 3891 466 3960 Sidonia
499 3892 668 3987 instigante
701 3903 931 3985 exprumserat,
972 3893 1082 3969 effecta
1117 3906 1184 3966 erat
