2866 4710
633 216 792 318 A

214 416 248 463 ea
273 391 450 484 neutiquam
476 392 618 462 concludi
644 401 884 485 possun13nam
910 415 1005 483 quum
1031 394 1214 485 „prophetis

213 512 431 601 praepositus“
463 510 513 598 (cl.
542 516 555 576 l
584 512 666 580 Sam.
695 515 744 590 19,
774 511 827 599 20)
853 521 1050 600 nuncupatur
1079 512 1214 595 Samuel,

214 626 293 693 Elias
311 634 342 693 et
355 626 496 696 Elisaeus
514 651 569 718 per
588 627 662 695 illud
679 633 878 722 D'ttlssrlssl'llss
888 625 1057 698 innuuntur
1081 640 1214 720 ‚‚pares“

214 767 341 812 eorum:
372 766 434 810 nou
460 742 644 811 obversatur
673 727 906 813 consuetudinis
935 747 1077 816 arctioris
1103 756 1133 839 et
1156 749 1214 814 mi·

217 884 276 929 nus
300 858 442 943 arctioris
466 857 633 939 distinctio,
664 859 718 928 sed
748 882 799 928 res
825 860 933 929 eadem
957 862 1023 951 ipsu
1052 844 1145 931 modo
1170 863 1215 931 di·

213 1001 301 1047 versa
326 965 364 1044 ex
389 984 475 1067 parte
499 975 539 1071 ita
565 975 767 1065 significatur,
799 985 833 1044 ut
864 1000 919 1068 per
942 983 998 1067 233
1017 979 1214 1070 dispiciamus

213 1092 408 1185 potissimum
445 1092 585 1160 ordinem
623 1091 777 1183 quendam
813 1080 1017 1176 exteriorem,
1054 1118 1109 1186 per
1142 1102 1214 1187 0³3?

223 1209 420 1302 potissimum
444 1209 583 1277 ordinem
610 1232 662 1278 sve
686 1208 838 1278 rationem
855 1210 1047 1280 interiorem.
1080 1213 1114 1280 ln
1132 1212 1214 1282 libro

214 1326 365 1397 Samuelis
389 1324 467 1396 ratio
493 1324 631 1413 exterior
655 1324 771 1394 diserte
787 1338 1031 1398 commemorata
1046 1330 1214 1421 reperitur,

212 1444 243 1512 in
272 1443 360 1512 libris
390 1444 509 1533 Regum
536 1441 679 1520 interium
715 1465 818 1532 neque
850 1465 924 1512 vero
956 1445 1051 1515 altera
1079 1445 1215 1514 excludit

166 1544 169 1549 ⁵
212 1539 355 1629 alteram:
376 1559 480 1649 potius
506 1567 634 1648 propter
659 1558 762 1638 finem,
789 1561 841 1650 qui
868 1559 925 1631 illis
950 1561 1215 1653 utriusque'tem·

213 1673 297 1765 poris
322 1673 482 1764 prophetis
506 1663 687 1765 prdpositus
702 1683 780 1753 erat,
814 1676 956 1757 eundem,
987 1670 1099 1769 nempe
1123 1674 1215 1749 vsanc·

213 1773 309 1860 titatis
347 1790 434 1878 regni
469 1791 527 1858 llei
551 1771 810 1868 restitutionem*
830 1793 925 1862 altera
960 1796 1057 1862 altere
1087 1794 1215 1863 omniuo

212 1930 318 1975 carere
343 1931 403 1974 uon
428 1906 540 1998 potuit.
566 1908 593 1976 ls
618 1906 687 1974 finis
703 1916 774 1975 utro
791 1918 934 2000 tempure
950 1911 1107 1980 difficilior
1122 1911 1217 1980 luerit

210 2032 325 2093 attactu
370 2023 473 2118 itaque
517 2023 554 2092 ad
593 2024 844 2092 coniunctionem
894 2026 1035 2117 adegerit
1080 2027 1215 2095 efficien-

213 2141 281 2209 dam
305 2140 480 2218 arctiorem,
506 2141 647 2231 prolecto
672 2163 710 2207 ex
724 2163 758 2209 ea
776 2143 1018 2234 comparatione,
1036 2168 1127 2235 quam
1145 2168 1216 2235 per·
1268 2188 1272 2194 ·

213 2256 299 2326 hibet
323 2256 390 2324 Keil
417 2260 448 2346 (l.
473 2281 498 2326 c.
524 2282 553 2348 p.
579 2259 653 2333 351,
678 2260 766 2344 352),
792 2258 919 2325 omnino
944 2283 1005 2326 non
1024 2270 1128 2351 potest
1152 2263 1215 2329 elu-

213 2397 294 2442 cere.
324 2374 460 2443 Primum
486 2373 566 2442 enim
591 2372 641 2440 hic
664 2358 817 2464 interpres
841 2385 925 2443 certe
944 2377 1045 2466 quoad
1063 2378 1215 2448 Samuelis

212 2500 344 2567 aetatem
370 2514 409 2558 ex
433 2490 501 2559 solo
531 2490 643 2557 ellectu
669 2489 798 2557 feliciori
824 2492 1035 2561 difficultatem
1069 2493 1214 2562 obstacu-

213 2609 313 2676 lorum
350 2606 598 2696 superandorum
629 2605 784 2688 minorem
807 2583 912 2676 studet
942 2608 1100 2678 evincere:
1136 2634 1216 2701 quae

206 2723 374 2800 ,evincendi
390 2724 470 2793 ratio
487 2721 585 2812 magis
609 2721 646 2791 ad
671 2723 808 2812 speciem
827 2722 965 2817 veritatis
990 2726 1215 2815 suggerendam

213 2841 308 2916 valet.
331 2863 438 2932 ¹quam
474 2838 512 2906 ad
537 2836 697 2906 veritatem
722 2837 778 2917 rei,
810 2837 848 2905 de
878 2862 939 2929 qua
970 2839 1082 2930 agitur,
1118 2840 1216 2932 ipsam

213 2956 478 3046 cognoscendam
495 2964 589 3044 atque
606 2953 630 3022 si
649 2977 728 3044 quae
744 2955 781 3022 ad
806 2953 964 3023 hominem
983 2956 1215 3050 argumentatio

108 3068 116 3079 “
213 3071 405 3149 conceditur,
443 3072 559 3163 optime
594 3093 630 3138 ex
666 3072 736 3161 ipso
772 3094 917 3141 successu
953 3058 1083 3140 leliciori
1113 3072 1216 3162 colligi

214 3197 322 3279 posset
339 3165 409 3257 illas
434 3187 584 3257 Samuelis
614 3165 779 3256 societates
798 3188 963 3266 firmiores,
987 3189 1147 3264 arctiores,
1177 3189 1216 3258 ad

215 3305 337 3373 hostem
351 3305 560 3397 superandum
574 3304 711 3395 aptiores
728 3305 884 3373 institutas
902 3303 1013 3380 luisse3
1028 3305 1082 3374 sed
1103 3305 1130 3372 id
1149 3305 1216 3397 qui-

216 3422 289 3513 dem
313 3430 441 3512 apparet
461 3420 502 3506 jn.
520 3444 596 3512 regn
624 3423 775 3491 Jelrovae.
791 3420 918 3490 historia
944 3444 982 3488 ex
1006 3421 1071 3490 sola
1098 3420 1217 3489 animo·

213 3561 281 3607 rum
307 3536 511 3607 conversione
536 3537 625 3606 citius
655 3548 707 3607 aut
730 3538 848 3608 tardius
873 3537 981 3605 effecta
1000 3537 1130 3606 definire
1153 3562 1216 3606 uon

213 3655 316 3735 licere,
330 3665 437 3725 utrum
451 3654 475 3723 is
494 3656 783 3732 statusanimorum
804 3655 855 3746 qui
872 3653 1217 3746 praecesserit‘melior

213 3773 309 3842 luerit
337 3797 375 3841 an
391 3770 504 3864 peior.
544 3771 665 3852 Dende,
690 3782 725 3840 ut
748 3770 879 3841 vidimus
903 3795 1009 3862 supra,
1041 3795 1149 3840 rerum
1174 3769 1215 3838 ci·

214 3890 331 3970 vilium,
356 3911 435 3979 quae
459 3887 625 3958 denotatur
648 3888 677 3956 iu
703 3889 803 3976 primo
818 3887 970 3977 Samuelis
984 3887 1076 3970 libro,
1096 3886 1216 3980 pericu·
