2866 4710
668 256 826 360 —4d—

245 409 292 503 de
308 433 429 525 origine
446 457 552 503 earum
568 430 781 521 investiganda
797 429 973 522 desperant,
996 415 1067 499 tum
1079 402 1117 498 ab
1135 451 1243 496 eorum
1345 525 1346 529 Ἰ

245 551 292 621 vel
316 548 573 620 affirmationibus
598 548 645 616 vel
662 547 951 628 coniectationibus
976 546 1027 639 qui
1045 545 1155 638 partim
1173 568 1244 636 pro-

244 665 367 756 phetiae
401 665 497 734 totius
533 664 594 733 vim
633 687 736 734 veram
775 687 838 732 non
876 647 1099 756 perspicientes
1133 660 1244 753 partim

246 780 408 873 opiniones
444 781 481 848 de
518 781 565 850 bis
601 779 803 850 societatibus
838 789 1030 871 praesumtas
1067 777 1244 848 obtinentes

245 907 298 966 aut
326 898 502 965 Samuelem
534 898 668 988 primum
693 920 798 966 earum
832 896 1016 967 societatum
1051 894 1245 963 conditorem

245 1012 341 1082 luisse
365 1022 505 1084 statuunt
530 1038 585 1104 pro
611 1024 698 1082 certo
701 1014 727 1104 *l
753 1023 805 1084 aut
829 1036 898 1083 eum
915 1012 1025 1081 Zinc*
1027 1012 1156 1102 *lprius
1184 1009 1245 1078 ori·

244 1129 324 1220 ginis
371 1141 502 1223 ternpus
536 1129 739 1197 concedendo
782 1152 852 1197 cum
900 1130 1120 1198 Nasiraeorum
1161 1137 1245 1197 sorte

247 1268 298 1316 aas
343 1246 466 1314 misceri
511 1269 604 1336 posse
642 1245 789 1314 sentiunt.
837 1244 944 1314 Potius
975 1269 1031 1335 per
1066 1255 1244 1313 ceterorum

245 1362 467 1454 prophetarum
509 1372 540 1431 et
582 1385 638 1454 per
682 1361 866 1431 societatum
906 1360 1025 1430 illarum
1059 1361 1246 1452 legationem

245 1478 412 1599 promissio
445 1478 482 1548 ad
507 1487 651 1546 eventum
677 1477 828 1568 producta
853 1488 901 1546 est
935 1500 999 1544 non
1034 1476 1091 1545 nisi
1122 1476 1245 1546 eadem:

247 1589 358 1686 nempe
388 1617 439 1675 ea,
470 1618 563 1699 qnam
587 1595 693 1663 bloses
723 1593 868 1661 divinitus
893 1591 1039 1661 effatur
1032 1617 1062 1660 rn
1087 1595 1179 1661 Dent.
1206 1595 1245 1659 18

211 1794 212 1797 Ἴ
247 1711 370 1780 luturos
390 1711 528 1780 Jehonae
552 1693 719 1802 prophetas
751 1733 842 1778 veros
867 1731 1019 1800 personae
1042 1710 1155 1778 idealis
1177 1730 1247 1799 spe·

201 1895 203 1900 ,
248 1826 294 1893 cle
317 1827 538 1919 proponendo:
563 1832 679 1918 *nnn
667 1823 748 1920 3133
766 1831 873 1922 upupa
894 1830 985 1917 33333
1003 1804 1247 1921 upbmpanur

247 1946 333 2024 illst<
352 1936 482 2038 Ἶζίὶξδξ
500 1950 547 2025 llll
566 1899 668 2040 ῠῇ1ξξ
688 1949 763 2037 ubl]
781 1949 852 2036 pp?
875 1947 965 2035 '‘P'l*
984 1898 1064 2013 haec
1080 1905 1246 2036 promissio

248 2070 376 2128 cunctae
401 2071 585 2129 cunctorum
614 2062 752 2131 deborae
785 2061 1008 2152 prophetarum
1043 2059 1135 2127 seriei
1157 2056 1245 2153 origo

249 2177 440 2255 communis,
466 2199 506 2244 ex
536 2201 596 2268 qua
620 2201 677 2268 pro
701 2177 839 2248 muneris
869 2175 1022 2257 obeundi,
1053 2173 1246 2266 temporibus

248 2291 351 2373 variis,
384 2292 466 2362 varia
495 2273 676 2362 conditione
704 2301 780 2362 mox
802 2294 974 2387 prophetae
1003 2291 1247 2383 procreabantur

248 2409 296 2477 vel
320 2408 490 2500 singulares
515 2411 562 2478 vel
586 2409 661 2478 nulli
683 2433 759 2479 mox
788 2435 848 2480 una
876 2408 1090 2504 gignebantur.
1109 2409 1157 2476 vel
1181 2408 1247 2499 plu-

247 2548 299 2595 res
324 2526 369 2593 vel
395 2525 483 2617 pauci
506 2528 554 2595 vel
578 2527 768 2619 perplurimi.
816 2527 1032 2611 Quamobrem
1054 2535 1089 2594 ut
1109 2549 1137 2594 e.
1153 2548 1179 2594 o.
1204 2526 1247 2595 al-

248 2642 383 2711 leramus
412 2631 564 2712 Samuelis
588 2652 731 2725 aetatem,
755 2668 816 2737 qua
840 2647 973 2736 primum
998 2642 1099 2712 verbis
1124 2642 1247 2712 disertis

248 2767 440 2828 memoratur
469 2760 619 2852 quaedam
650 2761 873 2854 prophetarum
908 2761 1051 2842 ubertas,
1086 2763 1170 2827 certe
1198 2781 1248 2826 re·

248 2875 340 2966 iringi
365 2877 474 2967 nequit
491 2878 600 2949 eorum
615 2877 730 2969 opinio,
755 2877 807 2969 qui
833 2900 898 2947 eam
925 2889 955 2946 et
976 2886 1052 2946 tunc
1067 2876 1164 2946 luisse
1177 2898 1248 2963 cen·

249 3007 335 3068 sent,
369 3015 465 3083 quum
500 2994 634 3084 populus
669 3000 693 3064 3
714 2994 885 3064 Philistaeis
915 3004 1084 3087 oppressus
1119 3002 1150 3061 et
1175 3015 1248 3062 arca

153 3185 155 3190 ,
249 3131 345 3185 sacra,
369 3108 561 3198 praesentiae
571 3099 575 3123 ³
584 3109 723 3179 lebovae
746 3110 889 3202 pignore,
913 3110 1049 3201 privatus
1073 3109 1150 3177 deos
1174 3108 1247 3177 alie-

248 3248 316 3306 nos,
340 3225 465 3294 Baalem
491 3234 522 3293 at
539 3227 720 3307 barbaram,
744 3227 978 3319 amplexabatur
996 3235 1038 3312 (v.
1067 3230 1082 3292 l
1110 3226 1192 3295 Sam.
1216 3228 1247 3306 4,

250 3342 297 3410 cll.
315 3347 353 3418 v7,
371 3343 400 3409 3.
425 3344 468 3433 4),
516 3343 578 3411 Sed
604 3343 727 3435 quoties
751 3354 783 3412 et
806 3344 930 3436 quando
955 3367 991 3413 ea
1014 3341 1140 3411 ubertas
1156 3343 1249 3410 luerit

250 3469 374 3548 praeter
396 3467 511 3527 aetates
537 3481 598 3538 eas,
626 3459 740 3546 quibus
765 3460 971 3552 Scripturas.
996 3481 1062 3528 eam
1086 3469 1248 3539 memorat,

251 3574 345 3641 modo
371 3573 451 3640 effici
474 3584 579 3664 potest
602 3575 788 3658 coniectura,
820 3587 851 3645 et
874 3575 1114 3645 coniecturando
1138 3576 1195 3644 bac
1218 3575 1247 3641 in

320 3755 342 3818 ³)
362 3754 390 3807 ld
410 3756 479 3824 quod
498 3764 630 3823 postremo
650 3757 748 3811 diserte
772 3759 889 3812 defendit
910 3738 988 3826 Banr,
1006 3761 1046 3811 in:
1066 3759 1111 3810 der
1136 3756 1250 3826 Prophet
1310 3771 1312 3775 ¹

250 3846 338 3909 Aurem,
357 3845 467 3897 Giessen
488 3843 564 3897 1847.
587 3862 611 3913 p.
631 3843 672 3897 21.

320 3953 549 4022 Wbcpffl
