2866 4710
694 226 736 290 54

214 401 371 473 scribendi
394 399 517 471 differat
539 399 709 472 historicus
731 426 748 472 a
772 401 934 493 propheta,
958 400 1011 493 qui
1034 400 1142 492 spiritu
1166 399 1212 470 di-

213 520 286 588 vino
309 517 430 589 afflatus
454 540 517 585 non
541 519 633 588 nimis
656 520 747 588 anxie
770 517 884 588 solitae-
904 517 1072 588 verborum
1095 519 1213 589 formae

191 633 362 731 3exteri0ri
396 655 465 703 sese
495 634 680 725 adstringat,
715 658 778 703 non
802 635 929 723 haereat
963 634 1042 705 circa
1072 634 1212 716 verbum,

216 750 387 820 dummodo
419 749 567 842 cogitatio
598 750 757 842 patescat,'
787 773 845 820 neo
874 774 936 819 non
971 751 1084 822 habeat
1118 776 1215 844 quan-

215 867 286 970 dam
332 889 402 935 cum
448 866 599 957 gravitate
639 866 838 948 brevitatem,
889 869 939 955 cui
979 876 1046 960 pro'
1081 867 1214 959 longiori

170 973 178 981 ’
215 983 267 1052 illo
286 983 358 1076 ψῃ
376 987 603 1079 coemptum
621 989 689 1078 app
711 979 775 1064 aba
799 967 858 1079 aar:
878 985 926 1054 vel
953 992 1045 1081 'ppo
1068 991 1136 1078 rnre
1159 965 1214 1080 ab]

214 1101 289 1192 ³313<
312 1101 450 1195 nttfflgbft'
472 1101 569 1194 magis
603 1103 740 1172 arriserit
773 1103 850 1174 baec
885 1101 1055 1172 enuntiatio
1091 1100 1216 1170 brevior

214 1216 285 1312 ψῃ
303 1221 427 1312 κᾯξᾞ
445 1200 515 1313 tibt-
557 1220 755 1311 Quamquam
784 1221 879 1289 altera
914 1243 953 1288 ex
980 1229 1067 1312 parte
1101 1241 1215 1309 negare

216 1359 279 1405 non
302 1337 475 1427 poterimus
506 1345 537 1406 et
559 1334 662 1406 altiori
687 1335 817 1427 quadam
840 1359 929 1406 causa
945 1345 1105 1406 auctorem
1121 1335 1216 1404 libro-

216 1474 286 1520 rum
310 1452 431 1543 Regum
461 1452 630 1545 adductum
658 1450 755 1521 tuisse
789 1451 903 1540 videri,
937 1462 973 1521 ut
999 1454 1116 1521 nudum
1140 1451 1214 1521 iliud

217 1573 341 1663 ⁸³23·ss
369 1592 432 1638 non
456 1578 603 1660 poneret;
633 1568 677 1638 uti
695 1568 776 1637 enim
800 1568 909 1638 nullibi
932 1569 962 1636 in
985 1543 1104 1639 Codice
1126 1591 1214 1638 suero

216 1710 273 1777 pro
309 1664 504 1782 Βζςῖἱζῆᾝξᾩ
537 1680 602 1768 pap
635 1687 749 1777 legitur
790 1686 873 1754 nude
913 1665 1082 1780 ῧζςῖζῖῗῑξ,
1130 1684 1215 1776 quod

216 1801 433 1895 scriptoribus,
450 1804 475 1873 si
491 1825 589 1872 unum
612 1802 703 1873 huius
720 1804 822 1895 gentis
838 1801 1037 1883 denotabant,
1057 1824 1215 1894 nunquam

217 1941 281 1989 non
305 1917 490 1990 obversatur
513 1943 584 2012 pars
613 1919 733 2014 absque
755 1920 808 1988 illo
832 1926 901 1987 toto
928 1918 1023 2009 gravi,
1059 1917 1145 1987 cuius
1176 1919 1217 1986 sit

217 2028 304 2128 pars:
341 2034 382 2106 ita
409 2034 492 2105 haud
524 2034 618 2103 dubie
649 2060 730 2105 unus
759 2059 798 2104 ex
836 2035 894 2104 iliis
923 2032 1123 2105 societatibus
1152 2057 1216 2101 non

218 2157 359 2248 temp,
379 2150 435 2222 sed
458 2156 685 2247 Ε’ὲςᾨξῡᾛξῷ
711 2146 777 2235 pap
788 2151 959 2231 dicebatur,
973 2150 1043 2242 quia
1059 2149 1217 2241 respicere

219 2269 303 2338 soliti
329 2277 417 2336 erant
439 2266 477 2336 ad
502 2269 582 2351 eius2
603 2267 691 2338 cuius
715 2277 808 2351 esset,
838 2267 1063 2341 communionis
1086 2269 1217 2358 gravita-

217 2395 298 2456 tem:
333 2406 390 2477 per
417 2383 497 2452 hanc
521 2382 618 2466 enim,
648 2408 710 2453 nnn
741 2386 964 2479 persingulas
993 2385 1162 2477 prophetas
1185 2384 1217 2451 in

219 2501 278 2573 illis
301 2499 540 2592 tempestatibus
564 2496 756 2572 maiestatem
780 2525 867 2572 sunm
892 2504 979 2571 Deus
1008 2500 1106 2569 voluit
1134 2522 1217 2568 com·

220 2616 384 2709 probatam
425 2623 519 2707 atque
552 2616 636 2686 hunc
674 2617 909 2708 significationis
947 2640 1038 2686 usum
1077 2616 1219 2708 sequitur

218 2743 329 2804 auctor
351 2731 505 2801 librorum
527 2733 659 2823 Regum.
706 2734 803 2818 Quod
832 2736 859 2804 si
882 2735 924 2804 ita
949 2742 1012 2814 est,
1046 2734 1151 2801 nescio
1179 2755 1218 2802 an

160 2874 162 2878 ⁸
218 2873 276 2943 per
297 2849 374 2918 illud
392 2852 515 2942 &³23¹ss
544 2848 627 2939 apud
655 2850 902 2941 Amosum‘ratio
919 2849 1104 2920 societatum
1131 2848 1218 2940 prior

220 2964 452 3058 quodammodo
477 2965 635 3036 immutata
659 2966 918 3057 deprehendatur.
1130 3038 1134 3050 ‚

306 3080 430 3151 Etenim
453 3105 510 3173 pter
533 3081 756 3153 derobeamum
773 3082 976 3164 Secundum,
1011 3104 1069 3173 pro
1097 3077 1219 3149 miseri·

220 3197 327 3267 cordia
360 3205 456 3289 atque
484 3197 674 3289 benignitate
703 3200 852 3280 deborae,
876 3198 1036 3279 felicitate,
1069 3206 1218 3288 tanquam

220 3312 324 3383 denuo
359 3312 531 3396 adoriente,
562 3314 762 3406 Ephraimitis
793 3315 932 3408 undique
955 3311 1153 3384 acerbissime
1176 3313 1219 3381 ai·

158 3439 160 3442 ’
220 3429 311 3512 ¹dictis
334 3429 529 3521 suppeditata
560 3431 611 3520 (ct.
636 3435 655 3498 2
678 3433 754 3523 Reg.
781 3436 831 3514 14,
859 3435 912 3501 26.
935 3431 1001 3522 27),
1037 3454 1134 3522 quum
1151 3454 1219 3522 po·

219 3546 310 3639 putus
341 3569 470 3616 securus
500 3556 595 3640 atque
617 3551 758 3640 ingratus
782 3572 840 3618 nec
862 3549 924 3617 boc
947 3545 1099 3616 beneficio
1124 3555 1158 3615 ut
1181 3545 1219 3615 ad

219 3662 382 3732 meliorem
406 3664 528 3756 frugem
552 3688 621 3735 sese
643 3665 799 3759 reciperet
825 3665 1043 3745 adduceretur,
1072 3663 1128 3732 sed
1155 3664 1220 3732 suis

220 3778 337 3868 viribus
360 3803 546 3875 prosperum
569 3783 659 3874 regni
683 3791 796 3854 statum
820 3791 981 3874 acceptum
996 3781 1129 3849 referret
1144 3771 1220 3850 vona

219 3896 268 3970 sni
291 3895 403 3968 fidncia
426 3897 551 3970 inflatus
575 3897 626 3990 (cs.
650 3903 721 3972 Am.
747 3901 778 3983 6,
804 3901 873 3995 13),
907 3897 1029 3983 iamiam
1053 3895 1219 3991 appropia,-
