2866 4710
647 249 689 316 45

177 425 308 521 quisque
336 426 440 497 locum
470 445 560 498 suum
589 410 809 520 sive'planum
840 437 871 497 et
897 428 1078 520 palustrem,
1111 424 1176 496 sive

175 545 347 614 silvestrem
377 553 407 613 et
436 552 636 613 montuosum
666 568 728 614 non
755 555 864 613 tenere
893 546 993 637 possit
1021 544 1080 615 nisi
1105 567 1175 615 eum

176 684 304 741 summa,
328 685 388 752 qua
412 662 519 741 valeat,
544 660 653 730 virium
678 662 850 742 intentione
874 671 968 754 atque
995 661 1142 731 robore·

508 1383 725 1501 CAPUT
753 1399 841 1497 IH.

175 1610 224 1688 lle
261 1612 500 1714 propbetarnn
532 1611 743 1710 socictabm,
792 1640 877 1717 quae
909 1613 1014 1710 illice,
1051 1608 1180 1706 llllwb

228 1744 389 1823 Samuelis
415 1752 532 1824 arctate¹
552 1753 747 1868 occumunt,
783 1748 914 1851 origine
931 1744 1118 1842 manni,
1202 1835 1204 1839 ,

495 1879 756 1980 continuatione,
783 1884 859 1961 inc

597 2133 755 2147 ψ

208 2356 211 2363 ·
266 2310 316 2376 De
339 2307 562 2404 prophetarum
594 2310 797 2381 societatibus
822 2319 887 2380 tum
924 2309 970 2391 iis,
1002 2317 1082 2403 quae
1109 2330 1179 2378 cum

178 2425 245 2495 Elia
260 2434 354 2517 atque
371 2425 497 2495 Elisaeo
511 2424 737 2524 'versabantun
760 2438 827 2498 tum
851 2427 898 2509 iis,
923 2448 1003 2519 quae
1028 2423 1180 2496 Samuelis

180 2549 280 2610 aetate
304 2541 426 2611 obviam
451 2542 545 2625 frunt,
580 2566 638 2612 nec
666 2569 729 2615 non
760 2544 920 2638 quomodo
952 2543 1012 2612 hae
1039 2542 1077 2612 ad
1093 2578 1095 2583 ·
1111 2540 1179 2611 illas

180 2680 213 2726 se
247 2657 382 2728 habeant
418 2659 564 2729 vidimus:
608 2669 722 2743 restat,
751 2673 786 2730 ut
820 2662 1011 2730 disseramus
1046 2658 1178 2749 primum

180 2775 218 2842 de
242 2777 426 2844 societatum
450 2778 616 2868 utriusque
639 2780 748 2847 aetatis
772 2780 896 2869 origine·
923 2777 1091 2865 communi,
1111 2775 1179 2860 ,de-

179 2890 252 2959 inde
276 2914 348 2975 num
365 2893 540 2962 aSamuele
563 2895 601 2964 ad
617 2894 715 2965 Eliam
733 2893 930 2964 continuatae
951 2895 1020 2975 sint,
1046 2893 1180 2987 denique

182 3007 306 3098 quando
331 3009 527 3079 cessaverint.
566 3012 654 3081 Haec
684 3013 825 3102 quaestio
849 3010 961 3101 triplex
985 3010 1069 3087 iuxta
1100 3033 1179 3092 eam,

181 3146 261 3217 quae
284 3125 460 3215 usquedum
483 3149 517 3196 se
541 3126 664 3208 obtulit,
689 3129 799 3198 barum
812 3127 995 3197 societatum
1019 3125 1179 3195 notionem

181 3264 215 3309 re
239 3242 304 3333 ipsa
328 3243 454 3311 omnino
479 3241 604 3312 differre
627 3267 688 3312 non
713 3253 818 3335 potest
840 3270 857 3314 a
880 3243 976 3314 totius
998 3242 1180 3334 prophetiae
1292 3327 1300 3340 ·

182 3358 326 3448 originis,
351 3359 606 3443 continuationis,
638 3360 707 3430 finis
721 3360 953 3452 exploratione:
979 3360 1094 3452 quippe
1107 3383 1179 3451 pro·

182 3475 289 3567 phetas
312 3475 450 3545 Jebovae
473 3485 565 3546 veros
589 3486 620 3546 et
643 3478 800 3568 periectos
823 3477 860 3546 iis
884 3479 1039 3547 contineri
1062 3499 1180 3568 cogno·

182 3593 298 3673 vimus,
323 3593 377 3683 qui
398 3617 416 3661 a
438 3593 599 3684 prophetis
628 3593 701 3663 alias
726 3604 756 3663 et
786 3593 856 3664 alibi
882 3593 1041 3663 obviis'ea
1064 3615 1100 3661 re
1123 3591 1179 3660 dil·
1263 3586 1265 3590 ’

182 3708 296 3788 lerant,
332 3708 416 3797 quod
445 3731 507 3777 non
539 3709 701 3801 dispersim
732 3709 909 3780 exstiterint
937 3720 967 3779 et
991 3709 1178 3802 singulatim,

183 3825 237 3894 sed
267 3831 379 3894 munus
409 3824 545 3894 obierint
575 3851 704 3897 numero
734 3827 898 3898 uberiores
933 3836 1028 3919 atque
1063 3825 1180 3896 viribus

183 3942 316 4013 sociatis.
363 3940 454 4010 Unde
470 3965 570 4035 aeque
587 3943 735 4014 absumus
759 3955 824 4014 tum
842 3945 880 4014 ab
902 3943 951 4044 iis,
976 3943 1028 4036 qui
1052 3942 1180 4012 omnino
