2866 4710
674 205 830 307 *as—

246 383 445 473 magistratus
471 382 573 451 civiles
599 382 703 452 omnia
726 380 803 473 legis
827 380 983 451 Mosaicae
1006 390 1168 472 praecepta
1193 378 1247 447 ob-

247 498 398 569 servanda
420 499 479 590 ipsi
504 499 694 581 curaverint,
725 520 763 566 ex
786 497 872 568 libris
895 499 991 568 Esrae
1023 506 1054 566 et
1081 495 1248 566 Nehemiae

249 615 396 709 patescitss
420 637 478 683 uec
500 615 597 684 ullum
621 613 777 681 iuvenitur
800 614 956 696 indicium,
984 637 1023 683 ex
1047 635 1110 704 quo
1127 620 1249 703 praeter

250 732 454 823 Haggaeum,
492 729 683 811 Sachariam‚
720 729 901 800 Malachiam
937 732 1040 821 plures
1070 728 1248 821 prophetas,

246 847 361 917 nedum
399 832 564 917 societates
595 846 834 938 prophetarum,
865 855 932 916 tum
962 845 1117 916 exstitisse
1145 841 1248 934 colligi

245 965 363 1057 possit;
387 972 488 1056 atque
507 963 558 1033 illo
583 972 727 1054 tempore
750 987 812 1032 non
836 963 966 1054 amplius
990 962 1167 1032 luctandum
1184 968 1249 1029 erat

245 1082 395 1153 adversus
420 1080 693 1150 fundamentorum
724 1079 918 1150 theocratiae
946 1079 1041 1172 ipsius
1065 1078 1145 1148 inter
1166 1077 1249 1147 hunc

244 1198 397 1290 populum
422 1218 594 1277 eversores,
623 1196 661 1266 ad
686 1220 766 1287 quos
789 1197 1017 1289 impugnandos
1041 1196 1090 1267 illa
1114 1194 1248 1286 prophe·

248 1324 352 1384 tarum
377 1314 503 1384 ubertas
527 1337 588 1383 una
611 1311 766 1404 simulque
790 1313 934 1384 suscitata
958 1322 1040 1382 erat:
1063 1311 1118 1381 sed
1138 1309 1247 1402 partim

245 1431 431 1501 adhortandi
457 1439 488 1499 et
511 1430 691 1499 consolandi
717 1440 821 1510 erant,
847 1431 900 1522 qui
923 1438 1051 1523 propter
1074 1450 1179 1497 rerum
1195 1452 1248 1497 an·

244 1547 362 1639 gustias
388 1548 427 1615 de
444 1545 504 1616 Dei
527 1545 641 1616 auxilio
664 1554 694 1614 et
710 1546 882 1638 praesentia
899 1546 1110 1638 desperarent,
1136 1541 1246 1634 partim

245 1666 359 1734 horum
383 1665 479 1733 trium
504 1661 726 1754 prophetarum
746 1661 931 1732 testimoniis
957 1661 986 1730 in
1009 1664 1045 1731 T.
1069 1662 1107 1730 V.
1124 1668 1247 1752 postre-

243 1780 301 1850 mis
332 1779 351 1846 ii
381 1788 467 1849 erant
498 1778 665 1860 edocendi,
690 1781 744 1872 qui
771 1781 802 1848 in
827 1781 910 1847 omni
934 1786 1172 1871 praeceptorum
1196 1777 1247 1842 Je-

150 1993 151 1997 ,
245 1898 345 1966 hovae
369 1895 565 1965 observantia
590 1896 737 1965 exteriori
761 1895 901 1965 interiori
923 1894 1025 1965 cordis
1042 1892 1247 1963 conversione

246 2012 401 2084 carebant.
426 2011 613 2103 Prophetiae
629 2021 732 2082 autem
755 2011 813 2082 sub
838 2012 981 2080 Foedere
1004 2013 1120 2080 Vetere
1144 2010 1247 2088 finem,

244 2154 301 2223 per
324 2131 491 2201 Malachiae
517 2127 656 2199 vaticinia
680 2128 868 2220 insignitum,
898 2128 1030 2198 eundem
1055 2128 1153 2220 liquet
1177 2150 1245 2196 esse

244 2239 413 2309 terminum
442 2266 530 2326 eum,
566 2246 646 2316 ultra
678 2269 771 2338 quem
801 2269 859 2314 nec
887 2247 1053 2316 societates
1084 2232 1151 2315 illae
1175 2267 1247 2336 pro-

243 2379 372 2446 gressae
400 2357 476 2429 sint:
502 2359 617 2452 quippe
645 2385 724 2454 quae
747 2384 879 2431 numero
903 2371 1021 2431 tantum
1048 2360 1246 2450 vinculoque,

247 2494 318 2540 eum
342 2497 507 2545 numerum
532 2478 726 2557 continente,
762 2477 860 2548 abiis
885 2477 1045 2569 prophetis
1075 2477 1246 2558 differrent,

248 2591 302 2678 qui
317 2613 374 2680 pro
393 2593 545 2683 temporis
564 2593 741 2664 conditione
763 2594 929 2686 prodibant
952 2593 1138 2684 singulatim.
1170 2595 1246 2660 Pro·

246 2703 371 2794 phetiae
394 2716 498 2776 autem
522 2710 593 2779 loco
617 2710 826 2802 inposterum
857 2709 999 2801 apparuit
1029 2732 1064 2778 ea
1096 2707 1245 2789 doctrina,

246 2841 326 2908 quae
350 2819 380 2888 in
403 2822 491 2894 libris
515 2826 640 2895 Codicis
672 2828 751 2897 sacri
774 2825 1013 2918 interpretandis
1038 2835 1068 2894 et
1092 2824 1246 2915 explicau·
1361 2832 1362 2835 ’

245 2935 292 3005 dis
323 2947 482 3009 versatur:
518 2965 556 3010 ex
579 2942 650 3023 hac,
684 2942 771 3012 cuius
793 2942 880 3012 initia
910 2943 1045 3037 manime
1074 2939 1245 3010 Malachiae

245 3062 345 3122 aetate
374 3053 432 3123 iam
467 3057 676 3148 reperiuntur,
710 3058 988 3152 proficiscebantur
1016 3038 1083 3127 tum
1115 3079 1245 3149 synago·

245 3192 354 3259 garum
379 3170 527 3255 instituta,
561 3176 593 3243 in
617 3175 730 3267 quibus
754 3176 790 3246 ad
815 3175 1004 3267 precandum
1030 3173 1121 3244 etad
1145 3174 1244 3264 legem
1303 3165 1304 3170 ’

246 3288 480 3381 prophetasque
495 3290 641 3382 legendas
657 3301 754 3384 atque
770 3292 938 3363 audiendas
951 3289 1060 3363 ludaei
1079 3287 1245 3358 convenie-

246 3400 330 3485 bant,
354 3412 420 3472 tum
444 3405 569 3476 schalae
593 3417 623 3477 et
647 3409 821 3479 academiae
846 3409 1000 3500 paullatim
1017 3404 1245 3500 progigneban-

245 3524 307 3599 tur,
330 3520 362 3586 in
380 3519 492 3611 quibus
510 3523 710 3594 Voluminum
727 3541 886 3595 sacrorum
911 3524 1125 3616 interpretatio
1149 3523 1245 3613 agita-

246 3633 337 3705 batur
359 3637 524 3729 allegorioa
549 3648 579 3708 et
608 3640 806 3723 traditiones,
835 3665 910 3735 quas
941 3641 1062 3722 dicunt,
1091 3639 1245 3710 maiorum

247 3753 478 3826 evolvebantur.
