2866 4710
747 253 767 317 8

256 436 307 512 12,
333 435 390 508 12;
414 431 445 506 t,
472 428 529 501 15:
568 424 638 492 Am.
662 427 756 505 4s43
793 433 823 508 5,
849 431 880 518 5)
913 428 1021 496 finium
1056 429 1257 520 Ephraimita-

252 570 320 617 rum
351 543 446 614 tuisse
478 539 648 631 putandum
673 551 730 619 est,
767 541 859 611 etiam
882 544 962 613 intra
993 544 1074 614 iliam
1109 547 1257 616 historiae
1306 560 1308 564 ‘

253 663 343 752 regni
369 654 632 751 Ephraimitarum
668 655 831 747 periodum
867 660 1034 750 secundam
1064 661 1172 730 decem
1201 663 1256 730 tri·

253 778 355 847 bubus
379 771 582 864 assignandae
605 770 676 839 sint.
727 772 952 853 Quaerendum
977 775 1058 845 enirn
1084 789 1177 858 esset,
1203 778 1255 870 qui

254 895 317 974 liat,
342 900 382 975 ut,
397 889 428 958 hi
453 891 664 981 Βιιςᾮᾷῑιᾜζι.
689 910 769 977 quos
793 881 979 982 interpretes
1003 895 1108 962 cuncti
1126 893 1256 982 Ephrai-

254 1010 399 1078 mitarum
422 1026 521 1095 regno
549 1002 737 1082 attribuunt,
774 1017 922 1076 occurant
944 1007 986 1091 ,in
1016 1032 1116 1099 regno
1138 1009 1254 1078 iudae:

254 1126 331 1195 naec
354 1120 519 1190 arrasum
542 1127 662 1188 antam
685 1119 728 1186 ra
750 1100 857 1209 posset
883 1122 1003 1203 assim,
1038 1133 1073 1193 ut
1101 1125 1170 1193 snos
1189 1133 1255 1206 -ι,

256 1261 465 1275 ι.-.--.------

253 1326 434 1401 expediendos
462 1337 504 1380 aut
532 1328 563 1379 ad
592 1327 714 1394 oppidum
744 1329 805 1401 illud
829 1331 1007 1384 inmontibus
1030 1331 1151 1399 Ephraim
1180 1334 1256 1384 sitnm

253 1439 300 1477 nos
319 1421 463 1484 coningere
481 1432 590 1468 necesse
605 1417 638 1467 sit
657 1425 699 1467 aut
718 1415 846 1485 Gilgaiem
863 1419 986 1472 iardenis
1004 1421 1070 1472 nihil
1085 1423 1134 1473 uisi
1153 1437 1255 1473 sacrum

254 1512 382 1582 quendam
410 1509 467 1559 sine
495 1504 633 1557 domiciliis
661 1505 746 1558 iocum
769 1505 918 1562 habeamus.
960 1510 1049 1563 Restat
1067 1511 1159 1578 igitur,
1188 1496 1257 1562 sit

254 1604 320 1668 Reg.
338 1596 355 1650 2
375 1606 400 1648 et
419 1594 435 1646 1
454 1596 523 1665 quod
543 1593 642 1657 attinet,
666 1603 692 1644 ut
711 1595 896 1660 diiudicemus,
923 1605 1007 1649 utrum
1026 1599 1074 1651 illa
1093 1601 1124 1651 ad
1144 1599 1255 1665 Antip:-

253 1691 346 1742 tridem
366 1684 458 1753 erigat,
476 1683 556 1752 [qnae
575 1683 665 1733 eadem
685 1699 737 1735 non
757 1683 839 1735 solum
859 1685 885 1736 in
905 1684 980 1738 Dent.
1002 1687 1042 1752 11,
1056 1686 1099 1752 311,
1112 1689 1164 1759 ¹sed
1178 1688 1255 1738 etiam

253 1782 280 1831 in
298 1778 352 1830 ios.
374 1773 415 1839 1¹2,
434 1770 468 1826 23
494 1770 664 1839 significatur:
697 1771 729 1822 ci.
750 1769 881 1825 onomast.
906 1790 926 1825 s.
946 1792 968 1827 v.
989 1776 1093 1845 Gelgel:
1122 1777 1165 1828 ubi
1189 1775 1255 1829 baec

253 1869 349 1920 losuse
368 1862 450 1930 Gilqal
470 1859 626 1911 describitur
643 1860 693 1924 „ab
712 1858 875 1928 Antipatride
902 1863 928 1914 in
951 1874 1026 1936 sexto
1049 1866 1169 1935 milliario
1188 1881 1254 1917 con-

252 1967 293 2009 tra
311 1948 542 2027 septentrionem*
577 1946 720 2014 Antipatris
740 1959 835 2013 autem,
862 1960 921 2002 ante
941 1954 1008 2005 dicta
1027 1953 1176 2007 Carbasaba
1194 1954 1254 2016 (Jo-

253 2047 326 2117 seplq.
344 2041 375 2094 A.
394 2041 417 2094 l.
437 2033 558 2100 1111115,
576 2036 608 2101 1),
627 2038 697 2097 iuxta
716 2037 879 2092 itinerarium
902 2041 1165 2110 Hierosolymitsnum
1183 2041 1254 2110 tya-

252 2137 311 2188 dam
330 2135 397 2186 inter
416 2137 441 2180 et
461 2125 616 2178 Caesaream
636 2127 670 2177 ita
689 2127 798 2191 iacebat,
817 2136 844 2179 ut
862 2129 951 2197 viginti
970 2147 1017 2182 sex
1036 2132 1115 2184 miliia
1133 2148 1255 2199 passuum

253 2224 382 2276 Caesarea
406 2219 519 2279 abesset,
546 2215 637 2266 decem
659 2215 738 2268 millis
761 2232 883 2283 passuum
910 2215 1010 2284 tyara
1051 2223 1103 2273 iam
1121 2223 1178 2274 eius
1197 2220 1254 2273 Gil-

252 2313 319 2381 galis
338 2312 401 2362 situs
421 2306 517 2372 optime
537 2304 669 2370 conspirat
688 2319 745 2356 cum
773 2305 922 2358 illationis
950 2308 1117 2362 denotatione
1140 2311 1256 2376 delinita,

253 2417 302 2472 qua
321 2406 422 2451 mentes
441 2393 505 2444 Ebai
526 2401 552 2443 et
575 2392 684 2447 Garisim
708 2401 766 2445 sunt
789 2372 961 2482 n'in'tpbbtq
979 2371 1043 2476 533
1069 2373 1161 2485 53pr
1182 2378 1253 2465 5323

253 2509 318 2562 baec
336 2507 395 2558 loca
415 2510 441 2553 nt
461 2502 575 2553 interae
598 2499 701 2550 diversa
731 2517 790 2551 esse
812 2503 906 2554 doceat
924 2512 950 2554 et
969 2513 996 2556 ut
1014 2479 1116 2574 utrique
1138 2509 1186 2572 sit,
1209 2508 1253 2576 qui

253 2599 392 2650 etiamnum
411 2591 435 2642 ei
455 2588 613 2655 respondeat
629 2588 712 2652 vicus,
737 2590 762 2640 in
785 2587 952 2643 Onomastico
971 2608 1019 2659 pro
1038 2594 1151 2647 lectione
1168 2612 1253 2659 „cou-

252 2697 292 2739 tra
319 2675 552 2750 septentrionem“‚
578 2685 723 2743 praeeunte
746 2664 883 2745 llaumers
900 2669 1011 2750 iniunqit
1032 2682 1090 2734 Keil
1112 2680 1255 2737 lectionem

253 2773 396 2827 sententiae
416 2781 479 2819 suae
498 2765 704 2817 accomodatam:
724 2775 832 2830 „contra
851 2769 1027 2834 meridiem“.]
1045 2787 1077 2823 an
1097 2771 1181 2840 Gilgal
1194 2773 1252 2827 Jsr·

253 2865 327 2917 denis
346 2854 574 2925 intelligends‚sit
611 2853 665 2906 iioc
690 2857 819 2921 posterius
836 2858 892 2910 veri
912 2866 951 2909 est
974 2860 1146 2925 simillimum,
1172 2863 1252 2930 siqui·

253 2956 312 3005 dem
330 2946 484 3013 respicimus
503 2944 535 2995 ad
554 2942 736 3008 idololatriam,
756 2961 806 3012 qua
825 2944 907 3013 Gilqal
927 2954 1010 2998 exstat
1027 2948 1164 3018 insignitm
1187 2966 1252 3016 pro·

252 3041 387 3108 plastarum
415 3033 484 3085 euim
516 3032 655 3082 societates
684 3048 716 3083 ex
743 3032 795 3084 line
822 3049 871 3085 suo
898 3034 1075 3103 consilioque,
1105 3047 1133 3090 ut
1160 3048 1253 3106 postes

253 3127 450 3184 ostendendum,
469 3122 630 3188 potissimum
649 3120 819 3174 versabantur
840 3123 866 3174 in
885 3124 999 3190 iisipeis
1017 3125 1091 3190 locis,
1114 3127 1140 3179 in
1159 3128 1254 3196 quibus

253 3221 363 3272 maxime
381 3211 488 3280 vigebat
505 3208 665 3261 idololatria:
689 3227 721 3261 ex
740 3212 778 3262 rei
803 3219 888 3263 autem
907 3222 998 3265 natura
1018 3215 1181 3285 rationeque,
1208 3218 1252 3270 ubi

253 3315 328 3361 antea
341 3317 439 3356 summa
458 3307 513 3352 crat
532 3306 558 3349 et
577 3299 629 3350 loci
648 3307 673 3350 et
692 3299 773 3351 cuitus
791 3297 840 3352 Dei
864 3303 919 3352 seri
943 3303 1082 3355 auctoritas
1105 3313 1131 3356 et
1153 3307 1253 3368 sancti-

252 3407 300 3461 tas,
328 3394 424 3464 ibidem
452 3383 609 3455 simulatque
638 3404 652 3440 a
676 3404 736 3440 vera
765 3388 893 3457 religione
921 3381 1038 3442 homines
1057 3392 1187 3461 deliciunt,
1211 3394 1253 3448 rel

251 3462 360 3551 prepter
379 3477 510 3550 quoddam
529 3475 607 3527 rebus
626 3476 722 3528 illicitis
746 3478 896 3546 dignitatem
925 3479 1186 3541 afferendistudium
1209 3484 1251 3535 vel

250 3566 359 3641 propter
378 3568 499 3621 maiitiam
512 3565 639 3634 quandam
658 3574 765 3618 naturae
785 3566 915 3619 humanae
929 3568 1071 3636 ingenitam
1083 3587 1182 3624 summa
1199 3571 1251 3624 im·

251 3659 386 3728 probitatis
397 3656 553 3724 perversitas
564 3654 720 3705 domicilium
731 3655 864 3707 collocare
876 3658 952 3710 solet.
970 3657 1044 3710 Unde
1055 3675 1087 3709 ea
1096 3658 1191 3726 Gilqsl
1204 3675 1250 3712 eu-

252 3751 292 3800 ius
304 3748 426 3800 sanctitas
438 3746 504 3810 (los.
518 3740 544 3808 1,
559 3739 599 3796 ra.
609 3738 652 3806 20,
663 3739 688 3807 5,
705 3741 779 3798 r—t.
793 3739 832 3794 10.
848 3743 890 3806 12)
909 3761 942 3797 ex
960 3745 1057 3799 Josuae
1070 3755 1154 3800 aetate
1168 3748 1251 3816 origi-

251 3854 310 3888 nern
321 3838 399 3898 ducit,
412 3834 478 3887 haud
489 3832 567 3884 dubie
578 3839 618 3881 est
636 3832 737 3892 eadem,
756 3847 823 3901 quae
834 3842 924 3900 postea
942 3842 995 3886 turn
1016 3835 1180 3888 idololatriac
1197 3844 1250 3889 tum
1265 3893 1269 3899 ,

251 3927 434 3994 prophetarum
452 3922 568 3985 teneras
588 3929 677 3972 contra
695 3922 762 3974 banc
781 3925 978 3976 contestantium
997 3923 1064 3976 lama
1082 3924 1219 3976 eminebat.
