2866 4710
652 237 809 342 L
848 227 849 231 γ

229 392 365 490 sicerum
396 415 683 498 commemorationi
717 417 896 489 antecessit:
935 418 966 487 bi
996 420 1107 491 musici
1134 421 1227 512 igitur

227 533 265 604 ad
289 522 456 632 prophetas
486 531 570 622 ipsos
597 554 630 600 se
653 531 778 616 babent,
813 543 848 602 ut
876 535 914 604 ad
937 535 1092 638 Elisaeum
1123 538 1226 608 vatici-

227 661 372 722 naturum
405 651 458 719 ille
488 648 615 730 fidicen,
651 649 704 740 qui
732 649 771 736 ad
803 648 1043 722 instrumentum
1074 657 1225 725 musicum

226 767 411 860 pulsandum
435 764 650 835 arcessebatur
675 765 705 855 (2
730 767 805 857 Reg.
831 769 860 849 3,
887 768 939 857 15)
965 769 985 858 ).

301 883 373 951 Ηοο
397 882 492 980 modo
517 867 687 966 doctrinae,
714 906 774 975 qua
796 885 828 952 in
853 883 967 954 scholis
997 885 1066 955 illos
1089 889 1223 981 prophe-¹

223 1008 270 1069 tas
294 998 431 1069 imbutos
454 1000 572 1081 solunt,
598 1007 683 1068 certe
705 1023 776 1092 pars
801 1023 837 1069 ea
859 999 1070 1092 receditque
1094 1005 1223 1076 edoctos

225 1139 280 1186 eos
318 1139 387 1186 esse
421 1115 609 1209 ipsissimam
645 1115 835 1208 Scripturam
872 1140 897 1185 s,
931 1120 1042 1193 testari
1074 1119 1221 1191 dictitant.

224 1233 334 1324 Neque
368 1234 470 1303 solum
494 1231 633 1302 doctrina
668 1233 759 1314 nulla,
790 1254 849 1326 qua
882 1233 913 1301 in
944 1233 1057 1304 scholis
1088 1238 1222 1319 instituti

223 1349 294 1431 sint,
318 1350 467 1442 allegatur
489 1348 519 1419 in
542 1347 628 1418 libris
658 1350 820 1431 Samuelis,
845 1348 901 1418 sed
925 1349 1017 1418 etiam
1040 1352 1124 1421 nulla
1155 1377 1222 1421 om·

222 1468 296 1536 nino
322 1466 443 1536 schola:
468 1454 497 1534 in
522 1467 610 1534 cuius
633 1465 772 1558 gratiam,
797 1473 831 1534 ut
855 1489 949 1554 supra
972 1469 1222 1551 memoravimus,

222 1581 364 1660 afferunt,
389 1581 474 1674 quod
487 1583 611 1651 Samuel
637 1582 827 1672 significatur
850 1561 1032 1678 nqufttfflttt·
1063 1586 1136 1655 Hoc
1152 1610 1220 1656 ver·

222 1700 297 1770 bum
320 1705 378 1791 :stt
409 1722 478 1794 cum
502 1704 530 1762 ’ὓ
549 1676 586 1779 513
616 1699 815 1769 coniunctum
845 1699 884 1769 de
914 1701 950 1772 iis
980 1702 1010 1770 in
1042 1705 1219 1775 universum

223 1817 346 1895 dicitur,
372 1816 509 1912 quicum
525 1813 709 1886 auctoritate
725 1815 790 1887 aliis
808 1823 970 1908 praesunt:
995 1816 1036 1888 ita
1052 1819 1090 1899 de
1107 1821 1218 1910 Doego

221 1933 250 2003 in
282 1939 297 2000 1
333 1934 414 2002 Sam.
446 1935 499 2013 tt,
532 1937 547 1998 1
580 1932 694 2023 tegitur
716 1911 948 2027 inspumate
977 1940 1034 2024 apa
1052 1932 1161 2029 erupi
1179 1936 1219 2005 de

221 2071 311 2119 servo
336 2049 431 2118 Bnasi
454 2046 484 2116 in
508 2047 592 2118 Ruth
616 2051 646 2128 2,
672 2053 701 2116 5.
726 2053 745 2116 6
781 2030 972 2144 refigit->ubil
1001 2055 1096 2143 Ξξᾷῠτ
1125 2048 1218 2143 atque

218 2167 251 2234 in
277 2172 293 2233 1
321 2166 402 2236 Sam.
430 2167 480 2246 19,
505 2169 547 2235 20
572 2165 695 2232 Samuel
720 2163 744 2234 is
775 2176 832 2247 est,
857 2190 921 2258 quo
946 2167 1024 2237 duce
1047 2170 1217 2261 prophetae

220 2282 259 2351 illi
284 2305 389 2352 coram
412 2281 530 2375 populo
555 2280 767 2352 consistebant
790 2283 930 2354 lehovae
958 2285 1148 2356 voluntatem
1172 2284 1217 2354 di·

217 2400 331 2471 vinitus
346 2400 613 2490 contestantes**).
642 2398 821 2469 Antistitem
845 2409 948 2470 autem
973 2402 1058 2494 quod
1083 2401 1216 2495 propbe-

100 2558 104 2567 ι
219 2527 269 2589 tae
293 2515 447 2608 eligebant
471 2524 502 2584 et
532 2516 617 2608 quod
646 2516 821 2585 Samuelem
852 2517 1008 2609 eligebant
1037 2517 1215 2600 antistitem,

218 2635 332 2705 lactum
356 2640 403 2701 est
427 2632 465 2703 ad
488 2631 751 2703 consociationem
772 2633 925 2725 quandam
942 2633 1061 2704 firmam
1079 2633 1215 2703 efficien-

284 2834 307 2896 ‘)
326 2831 421 2886 contra
440 2833 593 2886 sententiam
613 2843 728 2887 uestram
747 2851 799 2887 non
818 2845 923 2903 pugnat,
942 2836 963 2887 si
983 2836 1019 2888 uti
1039 2832 1135 2888 Oebler
1155 2834 1172 2887 l.
1191 2851 1213 2886 c.

215 2943 241 2995 p.
258 2915 311 2976 216
324 2923 518 2988 contendimus,
537 2923 636 2976 musica
659 2940 743 2990 sacra,
762 2941 828 2990 quae
846 2924 946 2978 Davide
962 2941 1027 2994 rege
1049 2923 1169 2990 florebat,
1188 2934 1215 2977 ut

216 3014 390 3078 excoleretur,
408 3013 459 3065 iam
470 3021 523 3064 tum
535 3013 645 3080 maxime
659 3024 685 3066 at
697 3014 742 3068 bas
756 3015 940 3083 prophetarum
951 3007 1093 3068 ¹societates
1106 3023 1214 3083 propter

213 3105 326 3160 musices
349 3102 382 3155 ad
406 3102 569 3170 prophetiam
594 3103 721 3155 rationem
741 3103 873 3168 effecisse3
901 3120 986 3172 neque
1005 3120 1069 3157 vero
1089 3103 1148 3156 inde
1168 3118 1213 3154 se-

214 3195 301 3264 qnitur
321 3192 401 3244 fuisse
421 3191 511 3244 barum
535 3191 701 3259 societatum,
729 3203 756 3245 ut
781 3202 881 3263 tempus
900 3195 931 3252 in,
944 3194 1041 3247 musica
1065 3193 1212 3246 exercenda

214 3285 287 3352 ipsae
310 3282 477 3335 collocarent.

291 3389 327 3452 '')
343 3379 384 3440 Ex
410 3405 488 3441 uersu
506 3385 540 3440 ‘ll
560 3388 663 3441 Samuel
692 3392 809 3443 videatur
833 3406 921 3442 coram
946 3390 1080 3459 prophetis
1103 3388 1137 3441 ita
1157 3398 1212 3440 ste-

214 3481 294 3546 tisse,
313 3488 341 3532 ut
358 3479 415 3547 ipse
433 3479 465 3531 ab
486 3478 633 3531 bominibus
655 3481 694 3546 iis,
718 3481 760 3550 qui
780 3480 909 3546 audirent,
927 3496 1034 3534 aversus
1053 3489 1140 3546 esset,
1166 3479 1212 3530 sed

213 3571 289 3623 illud:
309 3569 541 3635 „vaticinabundus
557 3578 613 3621 erat
638 3569 714 3621 etiam
738 3569 794 3637 ipse
813 3549 923 3647 belbe}
938 3545 1026 3648 'pff‘
1040 3569 1102 3621 nibil
1116 3567 1213 3620 indicat

212 3679 263 3731 nisi
282 3677 396 3741 Saulem,
424 3686 452 3729 ut
476 3676 580 3729 nuntios
599 3668 665 3741 eius,
687 3676 798 3745 primum
816 3677 883 3730 inter
902 3678 1020 3730 homines
1049 3691 1095 3728 eos
1122 3675 1212 3738 luisse,

214 3769 246 3822 ad
265 3783 330 3838 quos
355 3766 434 3819 verba
453 3765 572 3819 iacerent
590 3767 735 3835 prophetae
754 3767 842 3836 ibique
861 3767 955 3835 ipsum,
973 3767 1009 3818 uti
1028 3767 1141 3831 nuntios,
1163 3781 1211 3818 va·

213 3857 407 3911 ticinabuudum
427 3857 566 3920 exstitisse,
594 3857 713 3909 nimirum
737 3871 844 3921 „curam
870 3853 1017 3922 Samuele“,
1041 3857 1083 3928 qui
1108 3854 1210 3928 quidem

212 3947 280 4000 inter
299 3945 400 4000 medios
417 3944 558 4015 propbetas
577 3945 661 3999 stabat
679 3960 767 3998 coram
791 3945 897 4016 populo,
