2866 4710
685 229 728 296 38

631 323 784 333 *a

213 413 293 493 dam,
318 413 368 480 cui
393 435 447 502 per
469 412 571 502 ipsum
597 408 781 481 Samuelem,
805 406 863 476 iam
881 407 952 476 inde
976 433 992 476 a
1016 406 1120 499 pueris
1144 407 1205 477 sin·

212 529 311 620 gulari
340 551 410 597 oum
446 526 564 595 lehova
601 523 806 595 familiaritate
840 522 1003 614 insignem,
1039 524 1206 605 accedebat

214 645 381 715 auctoritas
405 667 496 736 quam
519 641 652 711 maxime
675 641 796 719 idoneo,
821 664 881 731 qna
904 639 943 709 ad
966 640 1058 708 finem
1082 640 1139 710 illis
1164 640 1206 709 vi-

213 763 255 831 ris
278 760 340 828 Dei
363 758 559 852 propositum
583 782 652 828 cum
687 780 833 827 successu
856 757 1047 827 tenderetur.
1080 758 1109 826 ls
1136 757 1206 827 linis

214 880 268 971 qui
289 877 384 946 luerit
405 884 440 949 ut
463 884 679 967 cognoscatur,
703 872 914 965 conditionem
937 873 1044 945 aetatis
1068 872 1134 942 eius
1162 871 1207 941 di·
1263 953 1265 956 Α

214 994 377 1088 spiciamus
401 1015 480 1085 opus
506 999 562 1073 est,
593 1016 653 1085 qua
677 1012 731 1060 eac
760 988 926 1060 societates
949 988 987 1058 ab
1011 989 1131 1060 lehova
1154 1012 1207 1057 ex·

214 1110 402 1190 citabantur;
426 1108 539 1179 etenim
563 1107 663 1199 prima
685 1130 793 1176 eorum
817 1107 933 1174 mentio
959 1105 1003 1185 fit,
1037 1103 1090 1173 ubi
1123 1104 1207 1186 Saul,

214 1236 382 1320 postquam
414 1227 537 1295 Samuel
568 1210 691 1294 arbitris
720 1221 849 1292 remotis
878 1243 1008 1313 regnum
1039 1219 1065 1287 ei
1089 1243 1207 1289 annun·

213 1345 310 1425 tiavit,
339 1342 478 1412 nondum
508 1341 606 1434 palam
640 1363 697 1409 rex
730 1337 923 1428 renuntiatus
954 1348 1020 1407 erat
1057 1336 1207 1428 Mitzpae:

214 1462 266 1529 ille
288 1468 402 1540 autem,
430 1459 484 1552 qui
507 1453 647 1527 Naio'tbis
671 1458 786 1527 Romae
821 1455 957 1523 occurrit
984 1453 1209 1547 prophetarum

215 1585 334 1658 coetus,
358 1597 396 1642 eo
419 1582 562 1666 tempore
598 1581 871 1652 commemoratur,
901 1594 964 1662 quo
997 1571 1067 1641 Saul
1103 1592 1208 1662 persee

216 1694 370 1785 quebatur
392 1690 552 1760 Davidem.
1137 1766 1139 1772 s

302 1807 389 1878 Haec
412 1815 459 1876 est
481 1815 566 1877 aetas
591 1820 637 1889 ea,
662 1831 728 1900 qua
744 1807 894 1876 Jehovam
917 1803 1018 1895 ipsum
1042 1804 1208 1874 ostendere

216 1947 344 1995 necesse
380 1933 461 2004 erat,
499 1931 604 1992 utrum
628 1947 699 1992 eum
730 1925 888 2017 populum,
925 1908 1031 2014 quem,
1070 1921 1141 1990 inde
1170 1920 1208 1990 ab

216 2041 394 2112 Abrahamo
432 2040 645 2132 providentiae
681 2041 778 2133 ipsius
817 2039 974 2108 beneficiis
1010 2039 1209 2117 cumulatum,

217 2157 471 2251 „possessionem
498 2156 705 2247 peculiarem“
734 2157 793 2227 sibi
823 2158 980 2248 elegerat,
997 2154 1066 2223 exin
1098 2149 1209 2222 eodem

216 2275 295 2353 loco,
325 2296 387 2366 quo
418 2271 587 2365 quamlibet
605 2281 730 2364 gentem
758 2274 857 2355 aliam,
893 2270 1001 2341 haberi
1035 2279 1209 2363 pateretur:

217 2413 254 2458 an
277 2390 309 2458 in
333 2399 502 2482 posterum.
517 2413 588 2458 eum
610 2391 702 2459 vellet
724 2412 848 2459 manere
871 2396 995 2480 gentem
1019 2386 1100 2456 illam
1123 2409 1210 2457 sanc-

216 2516 295 2584 tum,
322 2529 405 2597 ⁴qua
445 2516 605 2576 aeternum
639 2515 670 2575 et
703 2506 813 2576 stabile
850 2501 1052 2575 redemtionis
1086 2504 1209 2594 generis

216 2621 342 2690 humani
368 2619 530 2712 consilium
556 2622 751 2691 evolveretur
770 2635 821 2713 et.
840 2621 884 2690 in'
904 2627 1105 2712 conspectum
1135 2644 1210 2715 nns-

218 2760 310 2830 quam
333 2761 395 2834 non
419 2737 460 2807 ita
484 2746 704 2819 ostentaretur,
735 2747 770 2808 ut
792 2739 892 2808 formu
916 2737 1058 2830 quidem,
1079 2738 1210 2829 species,

218 2853 410 2932 involucrum
437 2853 605 2946 quondam,
649 2853 831 2947 praestituto
860 2866 1013 2947 tempore,
1054 2852 1212 2923 immutari

219 2977 336 3061 posset,
361 2993 471 3040 sensus
495 2969 632 3051 interior,
662 2981 823 3060 natureae
844 2969 889 3040 vis
913 2993 984 3039 vera
1012 2953 1068 3063 per
1090 2969 1210 3039 saecula

219 3094 328 3156 cuncta
351 3088 543 3179 perduraret.
569 3085 694 3184 Quippe
717 3109 773 3154 rex
796 3096 831 3157 ut
853 3086 908 3156 sibi
933 3112 951 3156 a
980 3087 1123 3156 Samuele
1150 3097 1211 3156 sta·

217 3211 358 3272 tueretur
380 3204 514 3295 populus
538 3202 597 3273 iste
619 3227 681 3272 non
699 3202 959 3301 flagitabatsensu
983 3216 1032 3284 eo,
1050 3226 1112 3295 quo
1124 3192 1211 3272 Deus

219 3318 285 3411 ipse
308 3342 414 3409 regem
430 3319 467 3389 iis
484 3320 621 3409 futurum
638 3319 712 3387 dicit
727 3319 757 3388 in
780 3322 875 3388 Dent.
902 3323 952 3400 17,
979 3323 1018 3386 14
1042 3343 1123 3412 sqq,
1145 3321 1166 3387 i.
1184 3342 1210 3387 e.

220 3458 282 3526 quo
307 3419 400 3511 Deus⁴
418 3436 447 3505 in
471 3446 655 3528 perpetuum
678 3458 735 3505 rex
760 3459 869 3505 eorum
899 3437 942 3506 ita
971 3444 1112 3505 maneret
1141 3458 1212 3525 pro·

219 3553 305 3645 prius
329 3552 435 3645 (Deut.
461 3554 513 3632 32,
538 3557 575 3631 95
599 3545 637 3620 cl.
653 3557 668 3619 l
685 3553 837 3634 Sam‘12,
856 3553 970 3643 tutat
985 3575 1076 3643 reges
1093 3575 1211 3634 eorum,

221 3668 273 3760 qui
297 3679 485 3747 crearentur,
509 3668 583 3736 nihil
608 3678 712 3738 essent
735 3668 791 3738 nisi
817 3669 917 3739 vicarii
930 3669 1094 3759 imaginem
1115 3668 1213 3761 ipsius

219 3782 370 3853 visibilem
394 3793 677 3876 repraesentantes:
716 3786 770 3855 sed
793 3787 915 3867 fiducia,
940 3786 968 3854 in
1002 3787 1122 3855 Jehova
1150 3787 1213 3854 col·

221 3900 359 3984 locanda,
394 3900 511 3972 abiecta
546 3900 768 4002 institutionem
798 3903 857 3979 sibi
884 3903 1079 3975 vindicabant
1106 3901 1213 3976 vicinis
