2866 4710
680 235 699 306 3

609 332 767 346 ——n-n-

277 417 340 486 Scd
360 399 495 508 primum
520 441 599 508 opus
624 428 681 498 est,
705 429 740 487 ut
762 432 859 488 'causa
882 419 964 510 ipsu,
992 416 1032 485 de
1061 439 1123 510 qua
1152 409 1192 487 sit

187 532 419 625 disputandum,
442 531 615 602 accuratius
638 533 814 604 definiatur.
837 575 839 581 >
861 530 991 607 Scholas
1011 534 1094 602 enim
1116 556 1192 625 pro-

187 650 351 740 phetarum
375 647 428 739 qui
453 647 602 726 dictitant,
627 671 667 717 er
683 648 842 742 Scriptura
861 674 948 723 sacra
972 650 1024 720 eas
1040 650 1191 731 eruendo,

187 765 321 836 maxime
354 764 431 833 duas
464 763 496 830 in
532 773 634 855 partes
664 765 836 836 discedunt.
894 765 944 835 Ab
976 766 1072 836 altera
1105 775 1191 856 parte

187 880 319 952 Rabbini
343 890 475 961 veteres,
501 904 580 973 quos
604 881 746 973 sequitur
762 881 928 971 Altingius,
951 904 1013 962 eas,
1035 901 1113 976 quas
1137 880 1191 950 voss

187 1007 268 1077 cant,
295 996 417 1066 scholas
452 995 675 1087 prophetarum
705 996 743 1064 ud
771 996 925 1065 Adamum
950 1021 1051 1088 usque
1075 998 1190 1089 produ·

187 1123 261 1182 cunt
290 1112 392 1215 iisque
421 1111 593 1203 praefuisse
617 1103 735 1193 volunt,
772 1112 950 1205 quicunque
972 1115 1005 1182 in
1031 1112 1189 1204 Scriptura

187 1252 274 1298 sacra
297 1228 431 1297 doceant
454 1226 528 1319 quid
552 1228 600 1295 vel
624 1227 738 1296 docere
761 1228 937 1299 videantur:
971 1229 1012 1297 ita
1043 1252 1080 1297 er
1109 1229 1188 1297 Gen.

70 1435 72 1441 A
190 1349 240 1423 14,
274 1347 324 1424 14,
358 1343 413 1413 ubi
442 1341 523 1412 servi
550 1325 719 1414 Abrahami
749 1343 890 1415 dicantur
913 1346 1112 1425 ‚‚instructi“‚
1138 1368 1189 1435 pa·

176 1460 353 1558 ,triorchem
376 1462 458 1527 inter
482 1482 537 1528 eos
561 1454 707 1530 habuisse
731 1460 854 1530 scholas
882 1460 1056 1551 colligitur;
1081 1484 1119 1529 ex
1138 1483 1188 1534 eo.

188 1576 273 1667 quod
290 1574 372 1644 idem
387 1575 560 1667 appellatur
571 1575 724 1668 propheta
747 1577 778 1644 in
802 1577 880 1645 Gen.
898 1581 951 1657 20,
969 1581 999 1656 7,
1016 1576 1187 1646 titterarum

188 1691 327 1760 iactitant
350 1691 523 1770 doctorem,
569 1689 620 1759 nb
644 1691 739 1760 altera
772 1703 859 1783 parte
887 1693 1008 1762 scholas
1038 1693 1187 1786 profiten-

185 1818 237 1875 tur
260 1807 421 1884 denotatas
444 1829 513 1876 esse
530 1806 655 1901 demum
680 1806 710 1875 in
735 1809 835 1899 primo
858 1807 938 1890 libro
953 1808 1116 1888 Samuelis,
1133 1808 1188 1878 ubi

186 1931 352 1992 occurrant
361 1921 591 2013 designationes
600 1927 711 2018 ntem?
721 1901 795 2017 535,
807 1928 941 2020 ῦὶῐςᾯξῖί
953 1905 1042 2021 ηρζιὲ
1055 1925 1084 2014 (l
1102 1924 1185 1994 Sam.

189 2041 229 2105 10
258 2022 290 2106 et
320 2039 384 2128 19),
408 2047 503 2130 atque
532 2037 561 2106 in
589 2039 676 2110 libris
707 2043 843 2133 Regum,
879 2040 932 2121 ubi
961 2063 1068 2110 earum
1095 2030 1186 2109 scho-

185 2154 285 2223 larum
319 2153 485 2247 participes
519 2153 722 2246 designentur
757 2157 890 2226 maxime
924 2178 980 2249 per
1011 2157 1085 2227 illud
1119 2162 1186 2248 ’Ἓξ

186 2274 334 2366 conrupta
367 2269 461 2339 iidem
484 2269 565 2339 inter
588 2294 659 2340 sese
682 2270 722 2341 ita
746 2272 918 2358 discedunt,
937 2284 981 2353 ut,
1006 2274 1186 2344 auctoribus

184 2390 319 2457 maxime
341 2385 538 2457 Haerernick
562 2396 593 2455 et
639 2387 719 2467 Keil,
744 2388 895 2458 Samuelis
917 2388 1082 2458 societates
1104 2389 1187 2459 inter

186 2515 217 2574 et
244 2527 307 2584 eas,
343 2524 424 2596 quae
446 2501 533 2572 Elias
559 2503 655 2593 atque
681 2503 796 2573 Elisaei
819 2514 919 2574 aetate
943 2504 1184 2596 conspiciantur,

186 2619 360 2689 differentia
383 2616 534 2709 quaedam
561 2626 725 2698 statuatur,
754 2642 937 2712 perquam,
962 2643 1043 2711 quae
1069 2621 1108 2689 de
1137 2621 1185 2692 his

188 2733 415 2828 posterioribus
439 2734 620 2826 prodantur,
650 2757 712 2803 non
736 2736 827 2806 liceat
853 2739 937 2806 iusto
967 2737 1056 2807 citius
1085 2723 1188 2807 transss

185 2853 268 2921 ierne
291 2839 322 2919 in
346 2851 468 2943 priores
492 2860 524 2920 et
542 2850 687 2920 invicem.
734 2851 832 2922 Partis
855 2852 968 2944 prioris
991 2852 1184 2935 defensores,

187 2968 239 3061 qui
261 2967 356 3036 iidem
380 2979 457 3036 suae
476 2967 585 3037 aetatis
613 2967 776 3059 opiniones
806 2978 837 3037 et
860 2967 999 3039 instituta
1027 2967 1105 3044 sine.
1120 2991 1185 3037 am·

186 3083 317 3175 bagibus
352 3081 383 3150 in
416 3104 468 3153 res
503 3083 731 3176 antiquissimas
766 3083 1007 3159 coniecturando
1041 3084 1184 3166 inierant,

186 3201 303 3291 optime
327 3207 357 3266 et
379 3198 494 3269 affatim
513 3197 673 3291 redarguit
690 3199 749 3269 iarn
773 3201 921 3270 Buddeus
939 3200 992 3290 (H.
1017 3203 1054 3270 E.
1072 3203 1146 3272 Pars
1158 3202 1183 3281 1,
1294 3215 1298 3230 '

184 3342 215 3409 p.
240 3318 305 3381 414
328 3315 429 3406 sqq.);
453 3337 563 3382 eorum
587 3337 660 3383 vero
674 3316 869 3398 sententiam,
893 3316 945 3409 qui
968 3326 1049 3388 stant
1064 3326 1185 3408 aparte

184 3430 331 3510 secunda,
356 3429 386 3497 in
407 3431 475 3522 ipsa
499 3428 717 3522 disquisitione
740 3442 847 3503 nostra
869 3435 1044 3504 accuratius
1070 3433 1184 3502 exami-

186 3547 339 3618 nabimus.
386 3546 582 3638 inquiremus
606 3547 688 3616 enim
711 3549 743 3616 in
766 3550 887 3632 harum,
913 3572 992 3641 quae
1021 3539 1182 3639 perperam

184 3674 345 3743 vocantur,
376 3662 554 3733 scholarum
585 3663 796 3732 conditionem
820 3674 887 3734 tum
905 3666 1094 3734 exteriorem
1116 3673 1182 3732 tum

185 3781 377 3861 interiorem,
401 3801 437 3848 uc
458 3778 592 3870 primum
616 3779 742 3872 quidem
771 3780 961 3850 disseremus
990 3778 1120 3849 seorsim
1145 3779 1184 3847 de

996 3899 1005 3949 1
1014 3899 1027 3928 0
