2866 4710
691 256 851 355 L

266 427 478 498 couditiunem
503 427 580 508 eius,
607 429 661 522 qui
684 429 732 496 vel
757 427 906 519 dignitate
935 430 982 503 vel
1011 432 1196 503 auctoritate
1227 444 1274 504 est

243 538 372 636 'aliqua
400 542 546 612 inferior:
581 544 623 613 ita
651 542 681 611 iu
710 543 783 612 lud.
811 547 862 624 17,
894 547 935 612 10
958 546 1062 618 lllicha
1085 547 1197 618 levitae
1220 547 1272 629 illi,

266 659 320 752 qui
344 670 412 730 erat
425 665 496 742 llll,
530 669 660 751 propter
683 682 762 739 eum,
787 681 868 750 quae
892 658 973 731 inest
1006 664 1197 742 sacerdotio,
1227 664 1272 733 di·

264 775 416 868 gnitatem
445 775 533 845 dicit:
548 835 551 840 .
569 777 670 856 „Esto
693 775 768 844 milri
791 756 879 870 malj
902 756 999 872 315ξῆ
1018 802 1053 850 se
1087 779 1189 872 ipsum
1212 780 1274 849 hoc

266 894 364 963 modu
387 891 484 961 lilium
507 913 579 960 esse
602 891 773 982 profiteus;
808 893 977 965 Benhadad
1006 917 1063 965 rex
1093 894 1274 986 designetur

265 993 348 1079 filius
374 1007 560 1102 prophetae,
595 1011 614 1071 2
649 1009 727 1098 Reg.
762 1011 794 1088 8,
830 1013 860 1077 0.
876 1036 889 1063 -·
911 1012 1070 1082 laramus·
1093 1019 1125 1079 et
1158 1013 1272 1082 Joasus

264 1124 530 1218 Ephraimitarum
551 1146 644 1215 reges
667 1123 852 1216 prophetam
876 1126 1032 1218 appellant
1053 1133 1129 1217 ³35,
1151 1128 1172 1194 2
1194 1109 1272 1219 lieg.

154 1293 155 1297 ,
266 1246 297 1322 0,
329 1245 380 1308 12.
427 1239 502 1323 Quo
527 1256 631 1331 'seusu
661 1239 745 1308 iuxta
780 1238 858 1310 haee
888 1242 1029 1335 exempla
1057 1264 1120 1313 von
1147 1243 1272 1324 ‚‚lilius“

265 1355 414 1435 occurrit,
439 1354 551 1422 eodem
568 1363 600 1423 et
615 1341 694 1424 illua
712 1361 787 1447 narn
802 1355 832 1431 in
850 1357 1063 1429 enuntiatione
1072 1363 1273 1453 amaran-nn

263 1469 532 1562 interpretandum
557 1479 627 1539 est:¹
650 1492 754 1561 neque
778 1472 860 1540 enim
883 1496 1016 1565 usquam
1040 1477 1070 1546 iu
1093 1478 1130 1545 lz
1153 1475 1193 1544 V.
1218 1497 1270 1544 ex-

265 1599 327 1660 stat
348 1588 448 1666 lucus,
471 1585 527 1655 ubi
548 1589 582 1668 l}
609 1585 690 1655 idem
707 1587 748 1658 sit
765 1611 801 1658 ae
820 1588 989 1676 discipulus
1012 1612 1108 1661 seusu
1123 1591 1270 1662 strietiuri

264 1707 372 1784 uiuus
390 1703 438 1771 vel
469 1701 846 1794 seholaeuogitatiouem
876 1715 1041 1798 suggerat:
1072 1692 1148 1777 nam
1179 1708 1270 1777 etin

264 1825 315 1892 Pa.
339 1821 470 1902 34‚*12,
494 1815 548 1905 ubi
571 1817 646 1887 dicit
661 1819 781 1888 David:
806 1821 976 1902 „neffln
995 1822 1100 1892 audite
1123 1823 1270 1903 milliti-

263 1931 385 2008 murein
413 1933 553 2002 lehosae'
587 1947 655 2004 vos'
678 1926 823 2023 docebo“
847 1947 943 2028 atque
974 1937 1005 2007 in
1030 1937 1087 2019 illo
1116 1941 1182 2020 „mi
1205 1937 1269 2006 lili‘

263 2050 508 2125 noverniorum
547 2072 611 2118 nun
649 2043 829 2142 allaquitur
858 2055 1030 2144 „magister
1067 2053 1269 2145 discipulos,

263 2170 322 2242 sesl'
353 2166 601 2238 commonefiunt
634 2166 667 2239 iu
707 2166 904 2250 uuiversum,
944 2171 1019 2262 qui,
1055 2193 1136 2264 quae
1159 2169 1269 2262 spiritu

263 2285 368 2366 divino
391 2279 592 2376 pronuntiata
615 2281 678 2360 sint
700 2285 816 2374 gravia,
846 2283 982 2354 libenter
1005 2286 1176 2378 excipiant:
1211 2286 1269 2356 nisi

264 2405 347 2472 [arte
370 2399 440 2494 quis
463 2407 563 2467 totam
587 2397 717 2469 domum
746 2399 867 2470 lsraelis
898 2403 1059 2471 nominare
1088 2392 1155 2473 vult
1177 2404 1269 2473 sclao·

264 2521 335 2598 lam,
359 2538 456 2607 quum
479 2514 610 2596 lehara,
633 2516 699 2584 les.
712 2517 832 2596 48,.17‚
856 2514 931 2586 dicit
953 2522 988 2587 se·
1012 2541 1080 2589 eam
1103 2519 1268 2589 docturum

264 2657 344 2715 esse,
370 2655 409 2700 ex
433 2653 497 2722 quo
520 2622 681 2721 proficiatz
709 2631 757 2699 vel
787 2641 962 2703 ceterarum
984 2634 1125 2704 tribuum
1148 2638 1269 2706 lsraeli·

263 2761 325 2822 tas'
339 2749 465 2819 allicere
500 2745 642 2815 numine
657 2747 893 2839 dissipalarum,
929 2773 1026 2843 quum
1059 2751 1159 2821 tribus
1192 2754 1268 2821 Levi

265 2867 391 2937 iubetur
413 2863 495 2955 lilius
518 2862 640 2934 Israelis
664 2862 779 2932 docere
803 2864 907 2935 omnia
930 2865 1072 2949 lehuvae
1091 2878 1267 2960 praecepta,

264 2987 338 3052 Les.
361 2984 416 3061 10,
444 2985 492 3047 ll.
540 2978 665 3062 Quodsi
687 2979 859 3050 retinemus
881 2982 965 3051 illam
988 3004 1099 3051 rosum
1121 2987 1154 3065 l?
1178 2991 1268 3076 etat<

262 3098 431 3174 virtutem..
475 3118 555 3186 quae
601 3104 702 3166 exstat
745 3095 775 3164 in
814 3096 892 3166 louis
935 3120 1016 3191 quus
1056 3098 1267 3192 allegavimus,

261 3217 463 3308 nlttlssjluTU?
488 3219 561 3280 sunt
577 3211 619 3290 ii,
655 3210 708 3302 qui
724 3211 854 3299 *habent
877 3212 966 3283 cuius
989 3236 1060 3283 cum
1083 3217 1267 3287 auctoritate

260 3329 445 3419 dignitatem
482 3325 660 3396 observent.
709 3328 772 3396 Sed
805 3328 878 3396 hiu'c
911 3328 968 3398 alla
998 3318 1140 3421 quaestio
1170 3335 1266 3424 proli·

260 3445 404 3514 eiscitur:
438 3465 551 3535 nempe
575 3443 627 3535 qui
652 3443 766 3512 lactum
790 3445 841 3520 sit,
857 3502 860 3513 .
876 3454 912 3514 ut
938 3444 1016 3539 haec
1039 3424 1127 3517 natio
1141 3447 1189 3518 iis
1213 3472 1266 3540 pe·

261 3560 387 3630 eulimis
410 3570 442 3629 et
465 3570 611 3653 tanquam
634 3558 704 3622 aa?
726 3557 851 3639 ἐξοχην
872 3558 1042 3630 inderetur
1058 3563 1109 3648 (el
1144 3570 1158 3631 l
1188 3566 1266 3654 Reg.

260 3681 315 3759 20,
340 3680 398 3758 353
422 3680 442 3742 2
466 3678 544 3768 Reg.
569 3679 601 3759 2,
625 3679 655 3743 3.
687 3678 717 3743 5.
743 3680 773 3743 7.
802 3681 855 3756 l5;
890 3679 1199 3759 4‚1.38;5,2-2;
1235 3685 1265 3759 6,

263 3798 299 3872 1,
323 3797 355 3875 9,
373 3775 423 3884 Ἰ),
447 3816 544 3884 quum
568 3815 595 3860 e.
620 3814 647 3860 u.
671 3793 818 3864 iuramus
842 3801 874 3861 et
897 3793 1185 3889 Joasustanquam-
1212 3819 1265 3864 oe·
1306 3840 1309 3845 >

258 3907 386 3980 cusiene
421 3908 507 3991 data,
551 3904 736 4001 prophetam
770 3907 979 4000 appellarim·
1021 3909 1103 3980 tilios
1142 3935 1176 3980 se
1212 3912 1265 3981 de-
