2866 4710
212 232 233 289 Ι
633 240 792 343 -5-7-
878 283 883 291 .

213 418 293 488 Juda
325 420 423 509 patrio
454 416 664 485 conditionem
702 415 880 507 respexisse
912 438 983 490 eam,
1015 415 1057 485 ob
1092 439 1214 486 causam

212 555 277 602 nort
301 545 348 604 est
371 533 550 611 verisimile,
576 531 661 625 quod
684 533 716 599 in
742 531 802 601 boc
831 553 942 622 regno,
978 531 1031 600 ubi
1055 533 1219 623 templum·

214 659 279 720 erat
300 652 475 741 integrum,
504 648 681 719 secerdotes
706 658 738 715 et
760 649 888 716 Levitae
911 669 1040 715 munere
1063 649 1123 717 rite
1146 648 1215 717 lun·

212 765 375 857 gebantur,
402 764 582 835 resistentes
606 765 744 834 lehovae
769 764 864 833 cultui
888 762 1008 844 illicito,
1045 765 1097 855 qui
1127 764 1215 834 utin

178 971 181 976 .
214 881 321 950 decem
355 881 502 951 tribubus
537 891 603 949 erat
633 903 707 950 usus
740 880 780 951 ita
810 881 842 947 in
879 879 963 948 Juda
997 863 1215 949 tantummodo

143 993 145 997 ’
212 996 343 1067 abusus:
379 997 433 1067 ubi
465 997 599 1087 denique
622 1019 713 1087 reges
738 996 862 1087 plurimi
884 996 1069 1086 regnabant,
1100 996 1217 1087 quide

215 1101 364 1183 industria
396 1124 427 1183 et
457 1111 603 1202 religiose
633 1112 780 1205 pietatem
815 1114 896 1181 inter
932 1112 1013 1181 cives
1049 1110 1217 1181 restituere

214 1229 366 1309 sciebant,
402 1254 464 1297 non
490 1210 569 1320 opus
585 1239 658 1299 ,erat
675 1229 732 1297 illis
757 1229 979 1320 prophetarum
1004 1227 1216 1308 societatibus,

217 1347 347 1437 quasin
372 1369 470 1436 regno
503 1345 753 1437 Ephramitarum
781 1355 911 1436 propter
945 1343 1009 1437 ipsa
1037 1344 1085 1413 illa
1119 1343 1216 1413 admi·

214 1462 314 1531 nicula
338 1445 512 1530 deficientia
528 1460 688 1565 constituti
712 1483 841 1530 necesse
864 1460 960 1530 luisse
984 1458 1126 1528 vidimus.
1155 1460 1216 1527 Ec·

212 1578 282 1646 dem
307 1576 482 1647 differentia
506 1577 635 1646 eandem
652 1575 693 1644 ob
711 1599 832 1647 causam
858 1577 1004 1655 occurrit,
1029 1575 1054 1645 si
1076 1585 1216 1657 coutem-

212 1695 333 1786 plamur
349 1693 567 1762 miraculorum
583 1693 703 1785 copiam
721 1693 801 1762 inter
818 1691 1024 1782 Ephraimitas
1047 1702 1215 1763 exsertam.

212 1811 343 1880 Accedit
367 1811 452 1901 quod
476 1809 670 1888 societatum,
696 1832 776 1902 quae
800 1808 829 1877 in
854 1809 935 1878 Juda
959 1807 1084 1889 luerint,
1102 1832 1141 1877 ne
1165 1833 1217 1879 ve·

212 1927 339 2017 stigium
364 1925 491 2017 quidem
515 1926 545 1994 in
569 1928 770 1996 Testamento
797 1922 835 1993 V'.
859 1923 1053 2017 reperitur*).

302 2047 379 2117 Post
400 2041 511 2111 Amosi
535 2050 640 2111 autem
669 2051 803 2112 aetatem
831 2064 905 2110 num
928 2042 960 2108 iu
983 2063 1082 2131 regno
1107 2040 1216 2110 decem

212 2159 350 2228 tribuum
376 2157 541 2228 societates
566 2158 789 2250 prophetarum
819 2157 950 2239 luerint,
980 2157 1062 2226 baud
1091 2155 1218 2226 difficile

213 2275 381 2344 diiudicatu
405 2297 443 2342 ex
462 2273 507 2355 iis,
533 2298 612 2365 quae
634 2276 695 2343 iam
720 2275 759 2342 de
781 2277 847 2366 ipsa
871 2272 980 2342 Amosi
1010 2281 1111 2342 aetate
1134 2273 1217 2342 veri-

216 2389 370 2461 simillima
395 2413 463 2459 esse
488 2389 635 2460 vidimus:
659 2413 771 2482 nempe
795 2413 833 2458 ne
855 2398 930 2458 tuuc
953 2388 1079 2480 quidem
1107 2410 1218 2479 super·

218 2507 315 2576 luisse
339 2504 460 2597 priores
476 2506 543 2577 illas
568 2507 732 2578 societates
755 2508 841 2585 tales,
867 2505 973 2595 quales
989 2505 1071 2596 apud
1088 2506 1217 2575 Samue-

212 2625 284 2703 lem,
314 2621 423 2702 Ebam,
461 2621 618 2692 Elisaeum
651 2623 897 2714 conspiciantur.
940 2623 1034 2713 Aque
1062 2629 1134 2712 post
1162 2642 1217 2690 ex·

213 2739 297 2808 ilium
321 2738 541 2832 Babylonicum
565 2739 686 2809 finitum
711 2762 803 2832 quam
826 2737 972 2828 religiose
1001 2737 1080 2806 inter
1115 2738 1215 2806 lsrae-

212 2854 291 2933 litas,
317 2856 369 2945 qui
394 2876 464 2923 oum
488 2878 597 2945 magna
621 2855 819 2924 sacerdotum
842 2855 1017 2945 frequentia
1046 2852 1215 2930 redierant,

215 3038 422 3051 ———-

282 3144 306 3208 ’)
324 3144 434 3198 Rabbini
453 3144 566 3213 quidem,
586 3143 678 3212 quibus
697 3143 837 3196 assentitur
858 3151 884 3194 et
901 3142 1002 3210 Altiug,
1020 3140 1085 3193 illud
1103 3128 1217 3229 maffia

215 3250 241 3316 (2
261 3253 325 3321 Reg.
345 3249 388 3316 2⁸2,
411 3251 466 3317 ll),
485 3251 527 3303 ubi
547 3250 618 3303 Josis
632 3266 697 3317 rege
710 3249 793 3302 llulda
806 3249 937 3303 habitabat
955 3247 1152 3314 Hierosolymis,
1163 3245 1216 3300 lac·

214 3343 288 3396 trians
306 3314 423 3427 sappbico
440 3341 514 3417 nup,
532 3314 631 3416 aanbp
649 3339 721 3415 nup,
744 3328 838 3424 rippa
856 3321 915 3414 nis
933 3338 948 3389 a.
970 3355 984 3389 ο
1016 3335 1140 3399 renotem,
1168 3351 1217 3404 qu·

213 3449 306 3503 ludaei
325 3449 417 3500 litteris
436 3447 525 3500 imbuti
545 3448 602 3499 sint
639 3446 743 3498 Partem
762 3446 843 3509 urbis,
861 3462 876 3498 e
894 3444 1009 3512 losepho
1029 3443 1122 3495 dictam
1141 3435 1217 3510 ἄλλη

214 3529 316 3603 πόλις,
344 3534 539 3604 intelligendam
565 3551 624 3588 esse
650 3536 762 3588 ostendit
786 3535 842 3587 lleil
867 3534 900 3587 ed
924 3534 948 3586 h.
972 3535 988 3586 l.
1009 3541 1034 3585 et
1053 3531 1166 3584 Thenius
1184 3532 1217 3584 ad

215 3627 240 3678 h.
259 3626 275 3677 l.
314 3623 424 3692 lumper
447 3626 548 3679 etiamsi
573 3624 663 3677 ecbola
687 3641 719 3676 ex
744 3624 793 3676 hoc
818 3625 878 3676 loco
903 3624 959 3675 erui
978 3630 1081 3691 posset,
1108 3621 1134 3672 id
1152 3619 1215 3672 nibil

216 3717 248 3768 ad
268 3731 338 3768 rem:
358 3716 478 3783 quoniam
497 3715 643 3767 scholarum
662 3713 804 3766 institutum
824 3713 1036 3781 apropbetarurn
1051 3710 1217 3763 societatibus

216 3814 270 3858 toto
289 3805 365 3858 coelo
384 3805 498 3858 alienum
517 3820 575 3856 esse
594 3804 713 3856 vidimus.
