2866 4710
662 285 820 387 A

240 458 403 538 cietutibus
426 460 531 552 quales
547 459 663 529 suerint
685 458 917 552 disquisivimus
933 469 1142 541 assumuntur,
1166 483 1235 552 per·

214 598 216 602 ’
240 574 381 668 spicuum
398 585 446 645 est
461 598 513 645 eas
529 601 546 646 a
564 575 707 647 Samuele
722 575 761 645 ad
776 574 874 645 Etiam
894 576 1020 645 omnino
1044 578 1235 647 continuatas

240 691 447 782 permansisse
482 694 573 761 etiam
602 691 728 762 Davidis
757 700 788 760 et
813 692 988 762 Salomonis
1011 703 1111 767 aetate
1133 715 1236 786 neque

240 817 360 877 certum
384 831 454 879 esse
477 808 638 901 fixumque
661 831 765 901 noque
788 807 964 880 verisimile.

231 951 235 957 ·
316 924 482 1016 Reliquum
506 934 563 1005 est,
587 933 622 994 ut
637 924 835 1017 inquiramus,
860 925 983 1017 quando
1006 948 1056 996 eas
1072 925 1236 997 societates

240 1039 464 1131 prophetarum
495 1063 632 1112 cessasse
662 1040 832 1133 putandum
849 1041 906 1138 sit.
953 1043 1074 1112 Harum
1093 1041 1128 1128 ¹iu
1150 1026 1237 1114 libris

240 1157 361 1251 Regum
386 1166 547 1249 postremo
571 1159 689 1226 mentio
718 1157 754 1226 fit
782 1156 913 1239 diserto,
945 1157 997 1253 ubi
1020 1158 1132 1228 lorami
1155 1158 1237 1250 regis

205 1280 207 1286 ’
241 1294 324 1340 anuo
349 1272 536 1342 duodecimo
553 1273 673 1342 iebuus
696 1274 817 1366 protem
839 1273 956 1344 Aobabi
979 1273 1104 1344 iubetur
1127 1276 1237 1344 exstir-

241 1410 317 1479 pare
341 1386 372 1477 (2
396 1391 472 1482 Reg.
497 1391 545 1480 9);
570 1412 626 1480 per
649 1389 785 1458 iebuum
806 1399 910 1460 autem
932 1412 1039 1459 rerum
1061 1392 1099 1460 ad
1123 1390 1238 1459 cultum

243 1504 382 1574 deborae
415 1503 636 1596 pertinentium
672 1505 808 1574 conditio
836 1529 897 1574 non
927 1505 968 1574 ita
995 1507 1157 1576 immutata
1180 1517 1237 1588 est,

240 1621 276 1688 ut
303 1619 362 1690 bae
385 1623 568 1700 societates,
597 1645 673 1714 quas
697 1618 825 1692 Joramo
854 1644 929 1712 rege
952 1621 1237 1713 uigentesconspi·

195 1748 198 1751 ’
241 1738 350 1817 cimus,
380 1736 511 1806 subinde
540 1752 625 1832 artua
660 1749 790 1829 possent
818 1761 951 1829 ponere:
990 1738 1109 1812 iebuus
1142 1737 1237 1818 enim,

240 1851 284 1920 uti
307 1853 409 1943 paullo
434 1848 506 1943 post
530 1876 568 1920 ex
592 1854 760 1945 imaginum
784 1853 981 1923 veneratione
1000 1853 1151 1944 apparuit,
1175 1878 1237 1924 uou

240 1991 345 2038 rerum
368 1969 539 2039 divinarum
564 1968 679 2048 studio,
703 1957 769 2039 sed'
783 1969 952 2061 imperandi
977 1969 1103 2039 libidine
1126 1970 1237 2041 ductus

241 2084 306 2155 illas
329 2077 518 2156 sectatorum
530 2086 640 2166 Baaiis,
665 2084 795 2156 familiae
818 2085 935 2155 Acbabi
960 2086 1147 2168 deditorum,
1170 2110 1238 2158 oue·

241 2200 296 2271 des
321 2201 524 2294 perpetravit:
554 2202 603 2270 bis
626 2200 806 2271 bominibus
829 2202 932 2292 regiae
956 2202 1068 2271 domus
1090 2203 1238 2274 studiosis

239 2318 372 2389 infestus
396 2326 471 2398 erat,
495 2341 559 2386 uon
582 2318 676 2397 Bauli,
700 2317 760 2404 cui,
784 2326 948 2409 postquam
973 2317 1084 2390 solium
1112 2320 1236 2389 firmum

240 2572 380 2632 captantur,
411 2571 500 2630 aperte
520 2572 545 2615 ct
564 2579 689 2630 expresse
708 2563 825 2627 tendunt
854 2564 879 2615 bi
900 2565 977 2629 enim,
1005 2554 1048 2634 qui
1073 2565 1237 2633 appellantur

240 2643 315 2744 ΠἹΠἸ
332 2654 427 2742 Q,
447 2670 507 2706 num
525 2654 576 2706 iarn
596 2653 700 2706 arctiori
724 2653 770 2704 illa
784 2654 908 2704 societate
922 2668 981 2704 sese
999 2655 1193 2722 coniunxerint,
1210 2658 1237 2710 in

241 2779 316 2832 quam
340 2761 439 2814 redacti
458 2769 597 2813 occurrunt
619 2741 646 2824 ii,
670 2762 713 2830 qui
736 2760 845 2827 primum
863 2761 890 2811 in
911 2758 923 2810 1
944 2758 1008 2828 Reg.
1027 2757 1071 2826 20,
1089 2758 1125 2824 35,
1141 2763 1260 2821 diserte·

240 2851 359 2903 dicuntur
377 2852 589 2928 ῠἸζέἸζᾷΠᾞῇ,
620 2849 801 2918 coniuratique
820 2849 922 2902 iamiam
945 2849 1097 2901 societatum
1124 2851 1238 2919 vinculo,

241 2974 292 3028 quo
320 2959 397 3011 modo
426 2968 452 3011 et
478 2959 538 3011 iilos
563 2958 764 3037 ΠἸΠἸᾞΠἻΞ
790 2957 873 3011 dictos
904 2957 1013 3029 vidimus
1044 2946 1120 3043 nint
1149 2961 1236 3037 ⁸8³2?

241 3065 288 3128 (ci.
309 3064 322 3115 1
343 3067 406 3134 ng.
426 3062 471 3131 20,
489 3062 529 3117 ³8.
550 3062 596 3128 tt;
615 3063 632 3117 2
651 3066 715 3135 bag.
735 3061 760 3130 9,
779 3063 817 3129 t),
836 3065 930 3136 eodepr
949 3063 997 3130 ipsi
1018 3081 1120 3135 quoque
1138 3066 1236 3134 signid-

241 3163 332 3207 ccutur
354 3155 459 3207 dubium
483 3162 529 3206 est.
567 3154 648 3209 Simili
673 3155 706 3206 de
729 3171 807 3207 causa
833 3154 929 3207 ibidem
957 3168 1009 3205 uon
1037 3156 1236 3209 memoravimus

240 3242 391 3306 blicbam(1
413 3243 477 3313 Reg.
496 3241 541 3307 22)
559 3260 608 3296 nec
627 3260 674 3297 eos
703 3243 857 3312 propbetas,
885 3244 928 3311 qui
952 3244 979 3295 in
999 3241 1010 3293 1
1032 3243 1095 3311 Reg.
1116 3240 1164 3309 20,
1194 3242 1235 3300 13.

240 3330 304 3397 (²⁸2).
320 3328 358 3384 -28
375 3334 507 3385 dicuutur:
535 3333 591 3384 beri
611 3334 680 3386 enim
699 3335 791 3400 potuit,
814 3341 841 3384 ut
863 3333 940 3385 ctiam
964 3333 1036 3384 initio
1057 3333 1112 3384 eius
1135 3335 1236 3400 aetatis,

242 3439 292 3490 qua
315 3422 454 3475 societates
482 3422 582 3475 iamiam
605 3423 711 3475 effectus
733 3423 814 3475 fuisse
842 3423 950 3485 scimus,
977 3421 1066 3487 plures
1092 3421 1236 3488 prophetae

241 3511 336 3579 prioris
356 3512 446 3564 aetatis
465 3513 617 3578 superstites
636 3513 783 3581 singulatim
800 3527 890 3563 munus
910 3511 1188 3580 obirent;quamquam
1210 3520 1237 3563 ot

241 3600 350 3653 Micbam
366 3602 502 3668 quominus
519 3618 551 3653 ox
564 3617 670 3654 numero
683 3601 793 3654 illiorum
813 3601 997 3669 prophetarum
1010 3599 1090 3652 tuisse
1108 3609 1237 3668 putemus,

242 3691 311 3743 iuxta
331 3706 371 3757 ea,
390 3706 456 3759 quae
475 3706 553 3757 supra
571 3691 688 3755 vidimus,
701 3691 751 3742 iam
766 3691 920 3771 impedimur
942 3706 1029 3758 neque
1048 3690 1236 3759 significatione

242 3782 288 3834 iila
309 3753 400 3870 ΠῘΠἸΒ
423 3780 497 3866 m?
523 3781 556 3844 (v.
586 3778 614 3860 7)
641 3795 726 3849 neque
749 3781 931 3832 vaticinatione
955 3778 986 3830 ab
1010 3779 1067 3846 ipso
1090 3780 1188 3834 Jebova
1210 3781 1235 3833 oi

242 3897 378 3958 suggesta,
397 3904 447 3940 nec
474 3887 645 3951 habitationis,
670 3903 736 3955 quaa
759 3886 839 3939 fuisse
862 3887 972 3952 ridetur,
995 3903 1009 3939 a
1032 3886 1102 3940 veris
1120 3886 1235 3941 Jebovae

243 3978 377 4047 prophetis
395 3977 452 4030 aliis
471 3976 665 4046 longinquitate.

1062 4061 1079 4116 t
